2392 3990
96 226 165 298 111]
467 225 575 281 crana
596 225 659 282 nn
1004 217 1043 282 87

186 389 329 476 Longius
351 390 386 454 in
406 390 526 489 primo,
549 390 655 472 Luna,
677 412 801 455 morare
822 393 911 454 toro:
1013 400 1046 448 14

144 475 194 539 Tu
209 497 343 559 quoque,
360 496 415 558 qur
429 476 567 540 aestivos
583 476 754 559 spatiosius
770 475 871 559 exigis
887 474 988 559 ignes,
1012 485 1043 533 11

187 559 332 642 Phoebe,
354 563 534 624 moraturae
556 559 708 624 contrahe
731 559 811 624 lucis
833 560 903 623 iter.
1013 569 1048 617 11.

115 660 131 707 5
147 644 289 708 Foedera
310 648 386 708 sunt
406 644 555 728 ponenda
569 644 656 728 prius
672 644 890 729 signandaque
907 644 976 707 iura
1013 654 1044 702 15
1065 709 1067 713 ,

186 729 230 793 Et
252 728 421 793 scribenda
441 728 521 792 mihi
543 729 594 792 lex
615 729 652 806 in
673 749 779 793 amore
801 749 896 792 noro.

144 813 233 877 Haec
248 814 349 876 Amor
363 813 433 897 ipse
448 835 505 878 suo
522 812 722 897 constringet
735 813 871 897 pignera
892 811 1001 897 signo:

186 898 290 961 Testis
313 897 452 962 sidereae
472 901 544 962 tota
565 918 684 962 corona
706 897 808 961 deaa'
884 914 886 918 ’

144 983 247 1058 Quam
258 982 376 1046 multae
388 986 462 1046 ante
474 982 553 1046 meis
566 981 679 1046 cedent
690 980 889 1046 sermonibus
901 979 1008 1063 horae,
1102 993 1108 998 '

96 1082 127 1128 ro
186 1066 301 1131 Dulcia
322 1087 417 1149 quarn
438 1066 532 1130 nobis
555 1067 695 1131 concitet
720 1088 809 1130 arma
829 1064 953 1129 Venus!
1012 1076 1046 1124 20

144 1151 290 1234 Namque
312 1151 368 1214 nbi
388 1172 457 1216 non
478 1153 566 1215 certo
581 1150 721 1215 vincitur
734 1150 863 1215 foedere
885 1148 1002 1231 lectus,

186 1236 264 1301 Non
284 1235 382 1299 habet
402 1235 522 1299 ultores
544 1257 610 1298 nox
631 1235 794 1320 vigilanda
816 1234 907 1314 deos,

144 1320 189 1385 Et
210 1320 325 1404 quibus
345 1320 501 1404 inposuit,
525 1319 621 1384 solvit
642 1341 718 1383 mox
740 1319 844 1384 vincla
866 1317 981 1382 libido:

188 1403 383 1470 Contineant
403 1405 497 1469 nobis
520 1404 628 1467 omina
648 1405 753 1488 prima
773 1403 877 1468 fidem.

96 1505 128 1552 15
143 1489 189 1553 Er
214 1511 248 1571 0,
271 1490 325 1573 qui
346 1492 456 1573 pactas
478 1490 513 1552 in
534 1489 663 1553 foedera
684 1489 806 1572 ruperit
827 1509 912 1571 araS,
1012 1499 1046 1548 15

187 1512 404 1656 ξοΠυθτίῒᾳυθ
425 1594 509 1637 novo
532 1595 622 1637 sacra
639 1574 759 1637 marita
778 1577 866 1656 toro,

145 1657 199 1723 Illi
221 1659 286 1722 sint
308 1659 497 1741 quicumque
520 1659 625 1722 solent
645 1659 680 1721 in
702 1679 808 1722 amore
831 1658 972 1741 dolores,

188 1744 233 1807 Et
254 1745 351 1826 caput
372 1746 503 1827 argutae
525 1742 676 1826 praebeat
696 1741 863 1827 historiae,

145 1827 216 1892 Nec
237 1827 326 1891 flenti
349 1827 495 1890 dominae
517 1827 671 1910 patefiant
692 1831 787 1892 nocte
808 1828 982 1892 fenestrae:

96 1927 130 1975 20
188 1912 320 1994 Semper
341 1916 440 1994 amet,
462 1911 569 1976 fructu
591 1932 717 1995 semper
738 1911 855 1975 amoris
877 1932 985 1996 egens.
1013 1923 1048 1972 30

520 2125 615 2200 XXI.

146 2250 201 2314 Ma
247 2273 300 2315 um
316 2251 377 2314 iter
391 2250 431 2313 ad
446 2250 555 2314 doctas
570 2247 729 2333 proficisci
744 2269 843 2334 cogor
857 2248 1017 2332 Athenas,

221 2339 236 2399 t
255 2358 307 2400 me
329 2335 428 2419 longa
448 2334 538 2418 gravi
560 2334 664 2398 solvat
685 2353 793 2398 umore
814 2334 876 2398 via.
1003 2373 1008 2383 ·

148 2419 273 2485 Crescit
293 2420 379 2483 enirn
401 2418 530 2483 adsidue
553 2418 712 2502 spectanti
733 2439 809 2482 cura
828 2418 969 2502 puellae:

189 2504 264 2587 Ipse
286 2504 438 2568 alimenta
460 2503 521 2566 sibi
541 2503 682 2566 maxima
702 2503 835 2586 praebet
856 2525 955 2568 amor.

118 2604 135 2650 5
152 2589 269 2654 Omnia
290 2591 365 2652 sunt
385 2590 541 2671 temptata
561 2586 656 2671 mihi,
682 2607 878 2670 quacumque
900 2587 1006 2673 fugari

191 2672 312 2736 Possit:
335 2674 369 2736 at
391 2694 428 2736 ex
451 2671 539 2734 omni
560 2692 612 2736 me
633 2671 751 2755 premit
772 2672 833 2736 iste
855 2671 941 2736 dens.

149 2757 212 2821 Vix
227 2760 335 2821 tamen
350 2760 405 2820 ant
421 2756 518 2820 semel
533 2755 689 2839 admittit,
712 2777 784 2820 cnm
799 2777 892 2839 saepe
907 2755 1047 2841 negarit:

192 2842 254 2907 Seu
275 2841 376 2924 venit,
401 2844 540 2904 extremo
564 2840 681 2904 dormit
703 2841 819 2904 amicta
840 2842 921 2904 toro.

150 2927 257 2990 Vnum
279 2927 341 2989 erit
362 2927 529 2989 auxilium:
557 2925 687 2988 mutatis
710 2924 849 3008 Cynthia
871 2924 964 2989 terris

101 3027 133 3076 10
191 3010 352 3086 Quantum
374 3010 489 3092 oculis,
518 3009 624 3073 animo
647 3012 714 3073 tam
735 3010 847 3093 procul
868 3008 929 3073 ibit
950 3030 1047 3072 amor.

148 3096 180 3160 N
182 3116 244 3158 unc
259 3095 359 3178 agite,
375 3114 395 3156 o
410 3094 502 3177 socii,
517 3093 686 3178 propellite
700 3093 735 3157 in.
750 3115 887 3177 aequora
900 3094 1021 3176 navim,

191 3180 425 3261 Remorumque
447 3199 539 3262 pares
562 3178 666 3243 ducite
689 3181 775 3242 sorte
795 3178 896 3262 vices,

150 3265 339 3347 Iungiteque
362 3264 502 3326 extremo
525 3262 631 3326 felicia
653 3262 751 3326 lintea
772 3263 872 3327 malo:

193 3348 260 3411 lam
283 3347 438 3430 liquidum
459 3347 565 3411 nautis
587 3369 664 3411 aura
686 3345 838 3411 secundat
859 3347 930 3415 iter.

103 3447 133 3496 15
149 3433 312 3497 Romanae
334 3435 438 3496 turres
461 3435 494 3495 et
514 3452 571 3495 ros
593 3432 724 3496 valeatis
747 3431 854 3513 amici,

193 3516 438 3602 Qualiscumque
460 3515 539 3580 mihi
560 3519 657 3602 tuque
678 3517 785 3601 puella
805 3515 885 3582 vale.
