2392 3990
114 211 158 280 11]
504 211 611 265 ursas
633 210 663 267 v.
1037 201 1075 264 97

155 373 271 458 Meque
293 375 396 439 virum
418 377 545 458 sumpta
567 374 637 458 quis
659 377 758 458 neget
780 394 848 437 esse
869 370 970 456 toga?

114 458 164 525 Da
184 460 300 524 falcem
322 464 355 524 et
375 464 461 524 torto
483 461 623 523 frontem
643 458 723 522 mihi
739 457 902 542 conprime
917 456 1027 520 faeno:
1045 467 1078 514 11

155 543 280 608 Iurabis
302 547 413 608 nostra
434 545 581 628 gramina
602 547 689 607 secta
710 564 816 606 manu.

114 633 215 693 Arma
235 629 296 692 tuli
318 629 480 712 quondam
501 632 548 710 et,
570 628 711 709 memini,
734 626 887 690 laudabar
908 626 943 689 in
964 623 1043 688 illis:

156 713 271 779 Corbis
293 714 327 776 in
349 715 490 796 mposito
512 713 653 797 pondere
674 732 797 775 messor
819 733 913 774 eram.

114 798 246 862 Sobrius
269 797 309 861 ad
330 798 418 861 lites:
442 802 476 862 at
498 802 601 861 cumst
622 797 751 880 inposta
772 816 905 879 corona,

157 881 320 948 Clamabis
343 883 441 965 capiti
463 883 539 946 vina
560 882 683 946 subisse
704 901 784 945 meo.
1047 889 1082 940 80

115 966 220 1052 Cinge
242 971 338 1050 caput
358 968 467 1050 mitra,
490 967 629 1049 speciem
650 965 783 1029 furabor
804 963 927 1028 Iacchi:

157 1051 301 1116 Furabor
322 1051 459 1135 Phoebi,
482 1051 509 1115 si
531 1051 626 1115 modo
649 1052 771 1134 plectra
792 1049 892 1113 dabis.

116 1135 268 1202 Cassibus
289 1136 438 1220 inpositis
460 1156 574 1200 venor:
597 1135 653 1200 sed
672 1133 849 1198 harundine
872 1135 999 1216 sumpto

159 1221 287 1285 Faunus
309 1221 455 1305 plumoso
478 1242 548 1284 sum
571 1220 647 1284 deus
669 1219 814 1301 aucupio.

117 1306 178 1370 Est
200 1306 295 1369 etiam
317 1306 446 1390 aurigae
468 1305 588 1388 species
609 1303 806 1368 Vertumnus
828 1306 861 1367 11
887 1303 969 1383 eius,
1049 1313 1082 1361 31

160 1389 281 1453 Traicit
302 1390 425 1454 alterno
449 1390 504 1473 qui
524 1390 594 1453 leve
614 1388 741 1473 pondus
764 1407 855 1470 equo.

118 1473 275 1558 Suppetat
296 1473 371 1557 hoc,
394 1475 498 1557 pisces
520 1474 642 1537 calamo
663 1471 855 1557 praedab0r‚
878 1474 912 1536 11
932 1472 985 1534 ibo

160 1559 299 1622 Mundus
321 1558 468 1622 demissis
489 1559 619 1622 institor
639 1558 675 1622 in
696 1557 824 1622 tunicis.

118 1642 285 1706 Pastorem
307 1643 347 1706 ad
368 1643 517 1706 baculum
537 1663 669 1726 possum
692 1663 801 1706 curare
822 1641 874 1706 vel
894 1641 978 1704 idem

163 1727 328 1810 Sirpiculis
349 1727 456 1791 medio
478 1728 607 1810 pulvere
627 1727 713 1791 ferre
730 1748 845 1790 rosam.
1052 1737 1084 1785 40

121 1812 204 1876 Nam
241 1812 316 1894 quid
352 1834 412 1896 ego
442 1811 599 1893 adiciam,
636 1811 674 1875 de
707 1832 768 1894 quo
798 1810 879 1874 mihi
906 1809 1043 1874 maxima

729 1897 859 1977 famast,

162 1981 339 2045 Hortorum
361 1981 396 2044 in
417 1982 563 2044 manibus
587 1981 672 2044 dona
693 1980 828 2064 probata
849 1979 950 2043 meis?

120 2066 293 2132 Caeruleus
316 2067 457 2129 cucuinis
478 2065 663 2147 tumidoque
686 2065 849 2128 cucurbita
871 2067 981 2127 ventre

163 2149 217 2214 Me
239 2155 331 2213 notat
353 2155 385 2214 et
405 2151 500 2214 iunco
522 2150 663 2213 brassica
685 2149 792 2212 vincta
814 2148 891 2230 levi,

121 2235 190 2299 Nec
211 2234 271 2298 fios
292 2235 375 2298 ullus
397 2233 467 2298 hiat
486 2235 602 2318 pratis,
626 2234 704 2318 quin
724 2233 779 2296 1111
801 2233 948 2296 decenter
1053 2245 1086 2291 45

164 2319 327 2402 Inpositus
349 2319 450 2382 fronti
470 2320 623 2404 langueat
643 2321 718 2382 ante
739 2339 835 2382 meae.

123 2407 169 2468 At
189 2403 282 2486 mihi,
305 2403 390 2486 quod
411 2405 531 2467 formas
552 2425 636 2467 unus
657 2404 803 2467 vertebar
824 2402 859 2464 in
881 2420 1002 2483 omnes,

165 2487 292 2553 Nomen
314 2489 354 2552 ab
377 2492 492 2551 eventu
513 2489 617 2570 patria
638 2489 750 2572 lingua
771 2486 872 2570 dedit3

123 2574 167 2637 Et
188 2577 233 2654 111,
255 2571 366 2654 Roma,
389 2573 468 2635 meis
490 2573 631 2636 tribuisti
652 2572 793 2655 praemia
814 2570 935 2653 Tuscis,

167 2656 260 2720 Vnde
282 2656 377 2720 hodie
399 2658 487 2720 vicus
509 2657 641 2720 nomina
662 2656 783 2719 Tuscus
805 2655 920 2736 habet,
1054 2666 1089 2716 11

123 2743 280 2824 Tempore
302 2762 364 2823 quo
388 2743 483 2805 sociis
505 2742 594 2805 venit
607 2740 816 2823 Lycomedius
840 2741 935 2803 armis

166 2828 274 2908 Atque
297 2826 415 2889 Sabina
436 2826 497 2889 feri
519 2826 666 2889 contudit
687 2847 775 2889 arma
796 2825 878 2888 Tati.

124 2911 198 2974 Vidi
220 2931 280 2994 ego
303 2910 447 2973 labentes
470 2910 553 2974 acies
576 2910 694 2974 111111
716 2909 848 2991 caduca,

166 2997 273 3077 Atque
296 2994 404 3057 hostes
426 2994 513 3077 turpi
534 2997 626 3078 terga
649 2994 774 3057 dedisse
794 2994 899 3078 fugae.

123 3079 188 3145 Sed
208 3080 322 3160 facias,
346 3078 453 3141 divum
475 3082 577 3162 sator,
599 3081 635 3141 ut
656 3077 803 3141 Romana
823 3099 881 3161 per
902 3100 1013 3142 aevum
1056 3090 1089 3139 55

167 3164 323 3227 Transeat
343 3168 418 3226 ante
439 3184 526 3226 meos
548 3164 642 3226 turba
663 3165 774 3226 111111
795 3163 902 3245 pedes.

125 3249 188 3313 Sex
211 3248 362 3331 superant
382 3268 506 3310 versus:
529 3251 577 3328 te,
601 3247 655 3330 qui
677 3212 718 3309 ad
738 3245 921 3311 vadimonia
935 3248 1046 3329 curris,

167 3331 244 3397 Non
265 3352 386 3396 moror:
407 3330 486 3395 haec
508 3333 620 3414 spatiis
643 3332 757 3394 ultima
777 3335 863 3394 meta
884 3331 973 3395 meis.

127 3416 233 3499 Stipes
255 3438 390 3480 acernus
412 3438 516 3496 eram,
538 3417 724 3499 properanti
744 3416 826 3480 falce
848 3414 983 3499 dolatus,

169 3505 256 3565 Ante
278 3500 418 3566 Numam
440 3504 534 3586 grata
554 3522 675 3584 pauper
696 3501 731 3564 in
752 3501 830 3564 urbe
853 3499 938 3565 deus.
1058 3513 1093 3562 oo

177 3604 328 3645 aarum
922 3607 938 3655 ς
