2392 3990
115 239 159 303 24
503 244 696 299 PROPERTII

223 408 387 491 Senserat,
405 408 470 495 ‘hae
491 408 561 492 ipsa
583 408 711 492 cuspide
734 407 835 471 sensit
855 427 958 490 opem.

131 505 164 554 65
178 492 250 557 Hoc
273 493 371 577 siquis
394 493 507 557 vitium
528 494 647 577 poterit
667 491 747 556 mihi
769 492 907 572 demere,
930 490 1019 554 solus

221 577 392 641 Tantaleae
412 579 531 661 poterit
551 577 675 641 tradere
696 597 792 661 poma
813 597 924 639 manu:

179 661 275 726 Dolia
296 662 448 746 virgineis
470 662 555 727 idem
575 662 630 725 ille
651 661 821 745 repleverit
840 659 961 723 umbris
968 664 986 743 ,J

220 745 252 810 N
254 768 271 810 e
292 750 402 810 tenera
423 746 554 810 adsidua
576 746 658 810 colla
678 748 850 831 graventur
871 766 967 827 aqua:

178 830 268 894 Idem
290 830 443 895 Caucasia
464 832 566 895 solvet
586 831 624 894 de
645 851 723 914 rupe
743 828 925 894 Promethei

129 927 163 977 το
220 915 356 979 Brachia
378 919 411 980 et
432 915 576 980 emedio
598 917 727 999 pectore
749 915 847 998 pellet
869 936 969 978 avem.

180 998 450 1083 Quandocumque
472 1001 571 1085 igitur
592 999 690 1063 vitam
711 1021 782 1063 mea
803 1000 869 1062 fata
888 1017 1049 1082 reposcen

221 1084 265 1148 nt
287 1085 436 1148 brevoin
458 1085 574 1169 exiguo
596 1105 754 1148 marmore
776 1105 894 1147 nomen
917 1104 985 1164 ero,

178 1168 362 1250 Maecenas,
384 1172 512 1233 nostrae
534 1190 608 1252 pars
630 1169 787 1232 invidiosa
807 1168 970 1249 iuventae,

220 1253 264 1317 nt
285 1253 370 1317 vitae
391 1257 425 1317 et
445 1254 541 1317 morti
562 1254 667 1338 gloria
688 1253 772 1317 iusta
793 1274 895 1334 meae,

129 1350 162 1399 '15
178 1337 212 1402 Si
234 1342 267 1401 te
288 1338 371 1401 forte
392 1359 465 1402 meo
487 1339 582 1401 ducet
603 1338 654 1400 via
675 1338 820 1420 proxima
841 1336 949 1419 busto,

221 1421 344 1486 Esseda
366 1423 495 1487 caelatis
517 1422 594 1485 siste
617 1421 773 1485 Britanna
794 1421 893 1506 iuga,

179 1506 330 1589 Taliaque
352 1507 556 1570 inlacrimans
579 1510 685 1570 mutae
707 1508 774 1569 iace
795 1506 891 1570 verba
913 1505 1040 1570 favillae

223 1591 324 1655 ‘Huic
345 1592 461 1655 misero
484 1592 585 1655 fatum
607 1591 686 1653 dura
706 1591 813 1674 puella
835 1591 919 1654 fuit'

521 1714 673 1724 ——-

571 1765 617 1839 Π.

179 1879 275 1945 Liber
297 1902 383 1944 eram
406 1883 438 1944 et
457 1901 556 1944 vacuo
579 1879 757 1944 meditabar
778 1880 882 1943 vivere
905 1880 1004 1961 lecto,

223 1967 269 2028 At
289 1986 340 2029 me
363 1965 530 2049 conposita
552 1987 629 2048 pace
650 1965 766 2028 fefellit
787 1966 897 2028 Amor.

180 2048 245 2114 Cur
266 2049 345 2114 haec
366 2050 401 2113 in
422 2050 514 2114 terris
536 2050 634 2114 facies
656 2048 795 2112 humana
816 2047 978 2112 moratur?

223 2133 383 2218 Iuppiter,
404 2135 519 2219 ignoro
541 2135 678 2217 pristina
698 2133 785 2196 furta
805 2137 870 2197 tua.

152 2231 168 2280 5
183 2217 284 2282 Fulva
299 2222 420 2283 comast
435 2219 613 2302 longaeque
627 2238 755 2299 manus,
776 2221 809 2280 et
822 2217 960 2280 maxima
973 2220 1046 2280 toto

225 2301 383 2387 Corpore,
407 2306 439 2366 et
460 2302 580 2365 incedit
602 2303 651 2365 vel
672 2301 747 2366 Iove
770 2302 868 2386 digna
890 2323 993 2382 soror,

181 2389 249 2451 Aut
270 2408 342 2450 oum
363 2385 543 2450 Munichias
565 2385 670 2450 Pallas
693 2386 846 2469 spatiatur
868 2386 907 2448 ad
930 2408 1014 2467 aras,

224 2470 386 2555 Gorgonis
408 2470 591 2555 anguiferae
612 2474 723 2554 pectus
746 2474 856 2554 operta
878 2471 986 2534 comis.

182 2554 292 2631 Qualis
314 2559 346 2618 et
368 2554 574 2619 Ischomache
596 2554 750 2639 Lapithae
772 2576 873 2639 genus
895 2554 1044 2638 heroine,

133 2653 164 2700 10
223 2639 390 2704 Centauris
412 2639 517 2702 medio
539 2646 632 2724 grata
653 2641 765 2723 rapina
785 2661 888 2721 mero,

180 2722 400 2806 Mercurioque
423 2722 492 2787 Sais
514 2724 615 2788 fertur
637 2724 815 2788 Boebeidos
837 2724 931 2787 undis

223 2807 412 2892 Virgineum
434 2807 543 2872 Brimo
566 2809 771 2892 conposuisse
794 2809 885 2872 latus.

181 2891 292 2957 Cedite
313 2893 378 2956 iam
388 2942 397 2975 ,
421 2893 527 2975 divae,
550 2915 628 2976 quas
649 2896 759 2977 pastor
779 2893 902 2957 viderat
923 2894 1001 2957 olim

222 2975 326 3041 Idaeis
347 2978 471 3041 tunicas
493 2999 612 3061 ponere
633 2977 813 3042 verticibus

135 3059 272 3125 15Hano
294 3061 416 3126 utinam
438 3063 552 3126 facicm
573 3062 656 3124 nolit
677 3066 799 3125 mutare
822 3065 984 3145 senectus,

222 3146 295 3210 Etsi
317 3145 473 3211 Cumaeae
495 3147 619 3210 saecula
640 3148 722 3210 vatis
745 3149 827 3231 aget.

562 3336 627 3411 ΙΠ.

181 3449 242 3527 Qui
265 3453 385 3516 nullam
406 3451 466 3516 tibi
489 3451 614 3515 dicebas
638 3452 703 3516 iam
724 3473 817 3535 posse
838 3474 969 3538 nocere,

222 3535 380 3620 Haesisti,
403 3536 517 3600 cecidit
539 3537 669 3619 spiritus
691 3538 745 3602 ille
767 3540 849 3602 tuus,
