<?xml version="1.0" encoding="UTF-8"?>
<!DOCTYPE html PUBLIC "-//W3C//DTD XHTML 1.0 Transitional//EN"
    "http://www.w3.org/TR/xhtml1/DTD/xhtml1-transitional.dtd">
<html xmlns="http://www.w3.org/1999/xhtml" xml:lang="en" lang="en">
 <head>
  <title>
</title>
<meta http-equiv="Content-Type" content="text/html;charset=utf-8" />
  <meta name='ocr-system' content='tesseract 3.04.00' />
  <meta name='ocr-capabilities' content='ocr_page ocr_carea ocr_par ocr_line ocrx_word'/>
</head>
<body>
  <div class='ocr_page' id='page_1' title='image "./sexrecensvitlvc00propgoog_0125.png"; bbox 0 0 2392 3990; ppageno 0'>
   <div class='ocr_carea' id='block_1_1' title="bbox 118 164 1120 287">
    <p class='ocr_par' dir='ltr' id='par_1_1' title="bbox 118 164 1120 287">
     <span class='ocr_line' id='line_1_1' title="bbox 118 164 1120 287; baseline -0.011 -10"><span class='ocrx_word' id='word_1_1' title='bbox 118 213 180 277; x_wconf 87' lang='lat'>114</span> <span class='ocrx_word' id='word_1_2' title='bbox 494 217 698 274; x_wconf 78' lang='lat' dir='ltr'>recrearu-</span> <span class='ocrx_word' id='word_1_3' title='bbox 903 164 906 169; x_wconf 38' lang='grc'>’</span> <span class='ocrx_word' id='word_1_4' title='bbox 982 212 1064 287; x_wconf 82' lang='lat' dir='ltr'>[vua</span> <span class='ocrx_word' id='word_1_5' title='bbox 1113 197 1120 249; x_wconf 62' lang='grc' dir='ltr'>ἱ</span> 
     </span>
    </p>
   </div>
   <div class='ocr_carea' id='block_1_2' title="bbox 35 359 1120 1562">
    <p class='ocr_par' dir='ltr' id='par_1_2' title="bbox 35 359 1120 1562">
     <span class='ocr_line' id='line_1_2' title="bbox 179 359 1120 527; baseline -0.007 -81"><span class='ocrx_word' id='word_1_6' title='bbox 179 382 226 446; x_wconf 89' lang='lat' dir='ltr'>At</span> <span class='ocrx_word' id='word_1_7' title='bbox 256 383 428 466; x_wconf 84' lang='lat' dir='ltr'>postquam</span> <span class='ocrx_word' id='word_1_8' title='bbox 466 379 619 445; x_wconf 84' lang='lat' dir='ltr'>exhausto</span> <span class='ocrx_word' id='word_1_9' title='bbox 655 380 719 443; x_wconf 92' lang='lat' dir='ltr'>iam</span> <span class='ocrx_word' id='word_1_10' title='bbox 753 378 887 527; x_wconf 73' lang='lat' dir='ltr'>flpmine</span> <span class='ocrx_word' id='word_1_11' title='bbox 922 378 1034 441; x_wconf 81' lang='lat' dir='ltr'>vicerat</span> <span class='ocrx_word' id='word_1_12' title='bbox 1117 359 1120 421; x_wconf 79' lang='lat' dir='ltr'>l</span> 
     </span>
     <span class='ocr_line' id='line_1_3' title="bbox 726 486 864 547; baseline 0 -19"><span class='ocrx_word' id='word_1_13' title='bbox 726 486 779 529; x_wconf 90' lang='lat' dir='ltr'>aes</span> <span class='ocrx_word' id='word_1_14' title='bbox 794 486 864 547; x_wconf 91' lang='lat' dir='ltr'>um,</span> 
     </span>
     <span class='ocr_line' id='line_1_4' title="bbox 222 549 856 615; baseline -0.005 -1"><span class='ocrx_word' id='word_1_15' title='bbox 222 549 321 615; x_wconf 91' lang='lat' dir='ltr'>Ponit</span> <span class='ocrx_word' id='word_1_16' title='bbox 341 551 395 614; x_wconf 86' lang='lat' dir='ltr'>vix</span> <span class='ocrx_word' id='word_1_17' title='bbox 417 550 509 614; x_wconf 88' lang='lat' dir='ltr'>siccis</span> <span class='ocrx_word' id='word_1_18' title='bbox 532 549 637 613; x_wconf 86' lang='lat' dir='ltr'>tristia</span> <span class='ocrx_word' id='word_1_19' title='bbox 658 549 728 614; x_wconf 91' lang='lat' dir='ltr'>iura</span> <span class='ocrx_word' id='word_1_20' title='bbox 749 549 856 612; x_wconf 75' lang='lat' dir='ltr'>labria</span> 
     </span>
     <span class='ocr_line' id='line_1_5' title="bbox 131 630 1038 719; baseline -0.002 -21"><span class='ocrx_word' id='word_1_21' title='bbox 131 647 163 698; x_wconf 81' lang='lat'>65</span> <span class='ocrx_word' id='word_1_22' title='bbox 179 634 340 719; x_wconf 79' lang='lat' dir='ltr'>‘Angelus</span> <span class='ocrx_word' id='word_1_23' title='bbox 355 633 408 698; x_wconf 91' lang='lat' dir='ltr'>hic</span> <span class='ocrx_word' id='word_1_24' title='bbox 419 634 531 698; x_wconf 90' lang='lat' dir='ltr'>mundi</span> <span class='ocrx_word' id='word_1_25' title='bbox 541 655 627 698; x_wconf 90' lang='lat' dir='ltr'>nunc</span> <span class='ocrx_word' id='word_1_26' title='bbox 638 655 690 697; x_wconf 89' lang='lat' dir='ltr'>me</span> <span class='ocrx_word' id='word_1_27' title='bbox 701 633 848 697; x_wconf 84' lang='lat' dir='ltr'>meafata</span> <span class='ocrx_word' id='word_1_28' title='bbox 858 630 1038 697; x_wconf 78' lang='lat' dir='ltr'>trahentem</span> 
     </span>
     <span class='ocr_line' id='line_1_6' title="bbox 222 717 978 805; baseline -0.001 -23"><span class='ocrx_word' id='word_1_29' title='bbox 222 719 364 805; x_wconf 78' lang='lat' dir='ltr'><strong>Accipit:</strong></span> <span class='ocrx_word' id='word_1_30' title='bbox 387 718 466 783; x_wconf 88' lang='lat' dir='ltr'>haec</span> <span class='ocrx_word' id='word_1_31' title='bbox 487 718 575 783; x_wconf 86' lang='lat' dir='ltr'>fesso</span> <span class='ocrx_word' id='word_1_32' title='bbox 597 719 650 782; x_wconf 86' lang='lat' dir='ltr'>vix</span> <span class='ocrx_word' id='word_1_33' title='bbox 670 717 751 781; x_wconf 91' lang='lat' dir='ltr'>mihi</span> <span class='ocrx_word' id='word_1_34' title='bbox 771 722 857 781; x_wconf 86' lang='lat' dir='ltr'>terra</span> <span class='ocrx_word' id='word_1_35' title='bbox 878 720 978 801; x_wconf 83' lang='lat' dir='ltr'>patet</span> 
     </span>
     <span class='ocr_line' id='line_1_7' title="bbox 150 802 1120 888; baseline -0.004 -20"><span class='ocrx_word' id='word_1_36' title='bbox 150 838 152 842; x_wconf 55' lang='lat'>&gt;</span> <span class='ocrx_word' id='word_1_37' title='bbox 182 802 324 868; x_wconf 83' lang='lat' dir='ltr'>Maxima</span> <span class='ocrx_word' id='word_1_38' title='bbox 345 825 425 886; x_wconf 90' lang='lat' dir='ltr'>quae</span> <span class='ocrx_word' id='word_1_39' title='bbox 447 804 599 888; x_wconf 80' lang='lat' dir='ltr'><strong>gregibus</strong></span> <span class='ocrx_word' id='word_1_40' title='bbox 622 802 768 866; x_wconf 84' lang='lat' dir='ltr'>devotast</span> <span class='ocrx_word' id='word_1_41' title='bbox 789 824 843 866; x_wconf 89' lang='lat' dir='ltr'>ara</span> <span class='ocrx_word' id='word_1_42' title='bbox 864 802 1009 886; x_wconf 76' lang='lat' dir='ltr'><strong>repertis,</strong></span> <span class='ocrx_word' id='word_1_43' title='bbox 1118 838 1120 849; x_wconf 80' lang='lat'><em>=</em></span> 
     </span>
     <span class='ocr_line' id='line_1_8' title="bbox 223 886 1017 972; baseline -0.004 -19"><span class='ocrx_word' id='word_1_44' title='bbox 223 889 290 953; x_wconf 86' lang='lat' dir='ltr'>Ara</span> <span class='ocrx_word' id='word_1_45' title='bbox 311 910 368 972; x_wconf 89' lang='lat' dir='ltr'>per</span> <span class='ocrx_word' id='word_1_46' title='bbox 389 888 458 952; x_wconf 88' lang='lat' dir='ltr'>has’</span> <span class='ocrx_word' id='word_1_47' title='bbox 481 886 594 970; x_wconf 90' lang='lat' dir='ltr'>inquid</span> <span class='ocrx_word' id='word_1_48' title='bbox 617 887 766 950; x_wconf 76' lang='lat' dir='ltr'>‘maxima</span> <span class='ocrx_word' id='word_1_49' title='bbox 787 887 872 950; x_wconf 85' lang='lat' dir='ltr'>facta</span> <span class='ocrx_word' id='word_1_50' title='bbox 891 907 1017 969; x_wconf 85' lang='lat' dir='ltr'>manus,</span> 
     </span>
     <span class='ocr_line' id='line_1_9' title="bbox 182 970 1035 1056; baseline -0.005 -19"><span class='ocrx_word' id='word_1_51' title='bbox 182 971 273 1038; x_wconf 89' lang='lat' dir='ltr'>Haec</span> <span class='ocrx_word' id='word_1_52' title='bbox 293 973 392 1037; x_wconf 91' lang='lat' dir='ltr'>nullis</span> <span class='ocrx_word' id='word_1_53' title='bbox 414 993 565 1055; x_wconf 89' lang='lat' dir='ltr'>umquam</span> <span class='ocrx_word' id='word_1_54' title='bbox 586 975 694 1056; x_wconf 85' lang='lat' dir='ltr'>pateat</span> <span class='ocrx_word' id='word_1_55' title='bbox 715 970 895 1036; x_wconf 87' lang='lat' dir='ltr'>veneranda</span> <span class='ocrx_word' id='word_1_56' title='bbox 907 970 1035 1055; x_wconf 88' lang='lat' dir='ltr'>puellis,</span> 
     </span>
     <span class='ocr_line' id='line_1_10' title="bbox 35 1055 867 1122; baseline 0 -3"><span class='ocrx_word' id='word_1_57' title='bbox 35 1092 38 1096; x_wconf 16' lang='grc' dir='ltr'><strong>Δ</strong></span> <span class='ocrx_word' id='word_1_58' title='bbox 134 1070 167 1119; x_wconf 73' lang='lat'>70</span> <span class='ocrx_word' id='word_1_59' title='bbox 223 1055 371 1122; x_wconf 90' lang='lat' dir='ltr'>Herculis</span> <span class='ocrx_word' id='word_1_60' title='bbox 395 1057 502 1121; x_wconf 86' lang='lat' dir='ltr'>eximii</span> <span class='ocrx_word' id='word_1_61' title='bbox 524 1078 565 1120; x_wconf 91' lang='lat' dir='ltr'>ne</span> <span class='ocrx_word' id='word_1_62' title='bbox 587 1057 630 1119; x_wconf 83' lang='lat' dir='ltr'>sit</span> <span class='ocrx_word' id='word_1_63' title='bbox 650 1056 754 1120; x_wconf 88' lang='lat' dir='ltr'>inulta</span> <span class='ocrx_word' id='word_1_64' title='bbox 775 1055 867 1120; x_wconf 66' lang='lat' dir='ltr'>sitis?</span> 
     </span>
     <span class='ocr_line' id='line_1_11' title="bbox 182 1138 1048 1225; baseline -0.005 -19"><span class='ocrx_word' id='word_1_65' title='bbox 182 1140 298 1207; x_wconf 78' lang='lat' dir='ltr'>Sancte</span> <span class='ocrx_word' id='word_1_66' title='bbox 320 1145 410 1225; x_wconf 88' lang='lat' dir='ltr'>pater</span> <span class='ocrx_word' id='word_1_67' title='bbox 432 1142 528 1222; x_wconf 87' lang='lat' dir='ltr'>salve,</span> <span class='ocrx_word' id='word_1_68' title='bbox 552 1141 602 1205; x_wconf 90' lang='lat' dir='ltr'>cui</span> <span class='ocrx_word' id='word_1_69' title='bbox 624 1140 688 1204; x_wconf 89' lang='lat' dir='ltr'>iam</span> <span class='ocrx_word' id='word_1_70' title='bbox 709 1141 797 1204; x_wconf 83' lang='lat' dir='ltr'>favet</span> <span class='ocrx_word' id='word_1_71' title='bbox 817 1161 930 1224; x_wconf 88' lang='lat' dir='ltr'>aspera</span> <span class='ocrx_word' id='word_1_72' title='bbox 951 1138 1048 1203; x_wconf 85' lang='lat' dir='ltr'>Iuno:</span> 
     </span>
     <span class='ocr_line' id='line_1_12' title="bbox 225 1225 921 1307; baseline -0.003 -17"><span class='ocrx_word' id='word_1_73' title='bbox 225 1225 351 1307; x_wconf 83' lang='lat' dir='ltr'>Sancte,</span> <span class='ocrx_word' id='word_1_74' title='bbox 373 1226 452 1290; x_wconf 86' lang='lat' dir='ltr'>velis</span> <span class='ocrx_word' id='word_1_75' title='bbox 474 1225 557 1289; x_wconf 93' lang='lat' dir='ltr'>libro</span> <span class='ocrx_word' id='word_1_76' title='bbox 581 1225 691 1289; x_wconf 77' lang='lat' dir='ltr'>dexter</span> <span class='ocrx_word' id='word_1_77' title='bbox 712 1225 816 1289; x_wconf 88' lang='lat' dir='ltr'>inesse</span> <span class='ocrx_word' id='word_1_78' title='bbox 838 1244 921 1289; x_wconf 86' lang='lat' dir='ltr'>mec.</span> 
     </span>
     <span class='ocr_line' id='line_1_13' title="bbox 181 1308 1042 1458; baseline -0.003 -83"><span class='ocrx_word' id='word_1_79' title='bbox 181 1309 286 1394; x_wconf 82' lang='lat' dir='ltr'><strong>Huic,</strong></span> <span class='ocrx_word' id='word_1_80' title='bbox 318 1311 468 1393; x_wconf 88' lang='lat' dir='ltr'>quoniam</span> <span class='ocrx_word' id='word_1_81' title='bbox 502 1310 649 1373; x_wconf 87' lang='lat' dir='ltr'>manibus</span> <span class='ocrx_word' id='word_1_82' title='bbox 685 1312 857 1458; x_wconf 60' lang='lat' dir='ltr'>purgptum</span> <span class='ocrx_word' id='word_1_83' title='bbox 893 1308 1042 1372; x_wconf 78' lang='lat' dir='ltr'>sanxerat</span> 
     </span>
     <span class='ocr_line' id='line_1_14' title="bbox 728 1415 837 1458; baseline 0 -1"><span class='ocrx_word' id='word_1_84' title='bbox 728 1415 764 1457; x_wconf 89' lang='lat' dir='ltr'>or</span> <span class='ocrx_word' id='word_1_85' title='bbox 788 1416 837 1458; x_wconf 92' lang='lat' dir='ltr'>em</span> 
     </span>
     <span class='ocr_line' id='line_1_15' title="bbox 225 1442 937 1562; baseline 0 -18"><span class='ocrx_word' id='word_1_86' title='bbox 225 1480 278 1545; x_wconf 87' lang='lat' dir='ltr'>Sic</span> <span class='ocrx_word' id='word_1_87' title='bbox 301 1479 454 1544; x_wconf 82' lang='lat' dir='ltr'>Sanctum</span> <span class='ocrx_word' id='word_1_88' title='bbox 475 1479 587 1543; x_wconf 86' lang='lat' dir='ltr'>Tatiae</span> <span class='ocrx_word' id='word_1_89' title='bbox 611 1500 805 1562; x_wconf 87' lang='lat' dir='ltr'>conposuere</span> <span class='ocrx_word' id='word_1_90' title='bbox 828 1442 937 1544; x_wconf 69' lang='lat' dir='ltr'>dures</span> 
     </span>
    </p>
   </div>
   <div class='ocr_carea' id='block_1_3' title="bbox 523 1609 676 1618">
    <p class='ocr_par' dir='ltr' id='par_1_3' title="bbox 523 1609 676 1618">
     <span class='ocr_line' id='line_1_16' title="bbox 523 1609 676 1618; baseline -0.007 0"><span class='ocrx_word' id='word_1_91' title='bbox 523 1609 676 1618; x_wconf 83' lang='lat'>-.-——</span> 
     </span>
    </p>
   </div>
   <div class='ocr_carea' id='block_1_4' title="bbox 578 1693 624 1768">
    <p class='ocr_par' dir='ltr' id='par_1_4' title="bbox 578 1693 624 1768">
     <span class='ocr_line' id='line_1_17' title="bbox 578 1693 624 1768; baseline 0.043 -2"><span class='ocrx_word' id='word_1_92' title='bbox 578 1693 624 1768; x_wconf 90' lang='lat' dir='ltr'>X.</span> 
     </span>
    </p>
   </div>
   <div class='ocr_carea' id='block_1_5' title="bbox 140 1815 1084 3590">
    <p class='ocr_par' dir='ltr' id='par_1_5' title="bbox 140 1815 1084 3590">
     <span class='ocr_line' id='line_1_18' title="bbox 182 1815 980 1902; baseline -0.004 -19"><span class='ocrx_word' id='word_1_93' title='bbox 182 1816 278 1883; x_wconf 90' lang='lat' dir='ltr'>Nunc</span> <span class='ocrx_word' id='word_1_94' title='bbox 299 1815 385 1882; x_wconf 82' lang='lat' dir='ltr'>Iovis</span> <span class='ocrx_word' id='word_1_95' title='bbox 406 1817 558 1900; x_wconf 90' lang='lat' dir='ltr'>incipiam</span> <span class='ocrx_word' id='word_1_96' title='bbox 581 1839 691 1881; x_wconf 88' lang='lat' dir='ltr'>causas</span> <span class='ocrx_word' id='word_1_97' title='bbox 714 1816 835 1902; x_wconf 86' lang='lat' dir='ltr'>aperire</span> <span class='ocrx_word' id='word_1_98' title='bbox 856 1815 980 1882; x_wconf 82' lang='lat' dir='ltr'>Feretri</span> 
     </span>
     <span class='ocr_line' id='line_1_19' title="bbox 227 1901 993 1986; baseline 0.003 -22"><span class='ocrx_word' id='word_1_99' title='bbox 227 1904 388 1986; x_wconf 88' lang='lat' dir='ltr'>Armaque</span> <span class='ocrx_word' id='word_1_100' title='bbox 411 1902 449 1965; x_wconf 90' lang='lat' dir='ltr'>de</span> <span class='ocrx_word' id='word_1_101' title='bbox 472 1901 604 1966; x_wconf 90' lang='lat' dir='ltr'>ducibus</span> <span class='ocrx_word' id='word_1_102' title='bbox 625 1903 711 1966; x_wconf 87' lang='lat' dir='ltr'>trina</span> <span class='ocrx_word' id='word_1_103' title='bbox 731 1906 859 1984; x_wconf 86' lang='lat' dir='ltr'>recepta</span> <span class='ocrx_word' id='word_1_104' title='bbox 878 1901 993 1966; x_wconf 88' lang='lat' dir='ltr'>tribus.</span> 
     </span>
     <span class='ocr_line' id='line_1_20' title="bbox 183 1984 1082 2071; baseline 0 -21"><span class='ocrx_word' id='word_1_105' title='bbox 183 1985 338 2066; x_wconf 69' lang='lat' dir='ltr'>Magnum</span> <span class='ocrx_word' id='word_1_106' title='bbox 360 1988 420 2051; x_wconf 88' lang='lat' dir='ltr'>iter</span> <span class='ocrx_word' id='word_1_107' title='bbox 435 1988 581 2070; x_wconf 87' lang='lat' dir='ltr'>ascendo,</span> <span class='ocrx_word' id='word_1_108' title='bbox 604 1987 661 2051; x_wconf 90' lang='lat' dir='ltr'>sed</span> <span class='ocrx_word' id='word_1_109' title='bbox 683 1986 737 2061; x_wconf 85' lang='lat' dir='ltr'>dat</span> <span class='ocrx_word' id='word_1_110' title='bbox 758 1985 837 2050; x_wconf 85' lang='lat' dir='ltr'>mihi</span> <span class='ocrx_word' id='word_1_111' title='bbox 858 1985 965 2071; x_wconf 84' lang='lat' dir='ltr'>gloria</span> <span class='ocrx_word' id='word_1_112' title='bbox 985 1984 1082 2050; x_wconf 76' lang='lat' dir='ltr'>vires:</span> 
     </span>
     <span class='ocr_line' id='line_1_21' title="bbox 226 2071 913 2155; baseline -0.001 -20"><span class='ocrx_word' id='word_1_113' title='bbox 226 2071 303 2135; x_wconf 90' lang='lat' dir='ltr'>Non</span> <span class='ocrx_word' id='word_1_114' title='bbox 323 2072 413 2135; x_wconf 87' lang='lat' dir='ltr'>iuvat</span> <span class='ocrx_word' id='word_1_115' title='bbox 435 2093 451 2135; x_wconf 92' lang='lat' dir='ltr'>e</span> <span class='ocrx_word' id='word_1_116' title='bbox 473 2073 561 2135; x_wconf 86' lang='lat' dir='ltr'>facili</span> <span class='ocrx_word' id='word_1_117' title='bbox 583 2073 666 2135; x_wconf 88' lang='lat' dir='ltr'>lecta</span> <span class='ocrx_word' id='word_1_118' title='bbox 688 2092 807 2135; x_wconf 91' lang='lat' dir='ltr'>corona</span> <span class='ocrx_word' id='word_1_119' title='bbox 827 2071 913 2155; x_wconf 87' lang='lat' dir='ltr'>iugo.</span> 
     </span>
     <span class='ocr_line' id='line_1_22' title="bbox 155 2152 1042 2252; baseline 0.002 -36"><span class='ocrx_word' id='word_1_120' title='bbox 155 2152 308 2220; x_wconf 74' lang='lat' dir='ltr'>oImbuis</span> <span class='ocrx_word' id='word_1_121' title='bbox 332 2156 511 2239; x_wconf 83' lang='lat' dir='ltr'>exemplum</span> <span class='ocrx_word' id='word_1_122' title='bbox 533 2157 655 2239; x_wconf 87' lang='lat' dir='ltr'>primae</span> <span class='ocrx_word' id='word_1_123' title='bbox 677 2159 723 2236; x_wconf 92' lang='lat' dir='ltr'>tu,</span> <span class='ocrx_word' id='word_1_124' title='bbox 746 2155 893 2236; x_wconf 84' lang='lat' dir='ltr'>Romule,</span> <span class='ocrx_word' id='word_1_125' title='bbox 916 2153 1042 2252; x_wconf 85' lang='lat' dir='ltr'>palmae</span> 
     </span>
     <span class='ocr_line' id='line_1_23' title="bbox 228 2238 958 2323; baseline 0.003 -22"><span class='ocrx_word' id='word_1_126' title='bbox 228 2238 341 2323; x_wconf 90' lang='lat' dir='ltr'>Huius,</span> <span class='ocrx_word' id='word_1_127' title='bbox 365 2242 397 2304; x_wconf 92' lang='lat' dir='ltr'>et</span> <span class='ocrx_word' id='word_1_128' title='bbox 418 2241 530 2304; x_wconf 85' lang='lat' dir='ltr'>exuvio</span> <span class='ocrx_word' id='word_1_129' title='bbox 553 2240 665 2321; x_wconf 91' lang='lat' dir='ltr'>plenus</span> <span class='ocrx_word' id='word_1_130' title='bbox 687 2239 728 2304; x_wconf 88' lang='lat' dir='ltr'>ab</span> <span class='ocrx_word' id='word_1_131' title='bbox 750 2239 842 2304; x_wconf 90' lang='lat' dir='ltr'>hoste</span> <span class='ocrx_word' id='word_1_132' title='bbox 862 2239 958 2322; x_wconf 79' lang='lat' dir='ltr'>redis,</span> 
     </span>
     <span class='ocr_line' id='line_1_24' title="bbox 184 2322 1084 2408; baseline -0.002 -20"><span class='ocrx_word' id='word_1_133' title='bbox 184 2322 342 2406; x_wconf 79' lang='lat' dir='ltr'>Tempore</span> <span class='ocrx_word' id='word_1_134' title='bbox 364 2346 425 2408; x_wconf 91' lang='lat' dir='ltr'>quo</span> <span class='ocrx_word' id='word_1_135' title='bbox 441 2327 550 2406; x_wconf 89' lang='lat' dir='ltr'>portas</span> <span class='ocrx_word' id='word_1_136' title='bbox 566 2323 743 2388; x_wconf 81' lang='lat' dir='ltr'>Caeninum</span> <span class='ocrx_word' id='word_1_137' title='bbox 757 2325 900 2387; x_wconf 89' lang='lat' dir='ltr'>Acronta</span> <span class='ocrx_word' id='word_1_138' title='bbox 920 2326 1084 2407; x_wconf 90' lang='lat' dir='ltr'>petentem</span> 
     </span>
     <span class='ocr_line' id='line_1_25' title="bbox 229 2407 994 2491; baseline 0 -19"><span class='ocrx_word' id='word_1_139' title='bbox 229 2407 341 2472; x_wconf 86' lang='lat' dir='ltr'>Victor</span> <span class='ocrx_word' id='word_1_140' title='bbox 361 2409 395 2471; x_wconf 92' lang='lat' dir='ltr'>in</span> <span class='ocrx_word' id='word_1_141' title='bbox 419 2430 563 2472; x_wconf 82' lang='lat' dir='ltr'>eversum</span> <span class='ocrx_word' id='word_1_142' title='bbox 585 2408 714 2490; x_wconf 79' lang='lat' dir='ltr'>cuspide</span> <span class='ocrx_word' id='word_1_143' title='bbox 736 2407 843 2472; x_wconf 87' lang='lat' dir='ltr'>fundis</span> <span class='ocrx_word' id='word_1_144' title='bbox 867 2430 994 2491; x_wconf 91' lang='lat' dir='ltr'>equum.</span> 
     </span>
     <span class='ocr_line' id='line_1_26' title="bbox 184 2491 956 2575; baseline -0.001 -18"><span class='ocrx_word' id='word_1_145' title='bbox 184 2493 295 2557; x_wconf 89' lang='lat' dir='ltr'>Acron</span> <span class='ocrx_word' id='word_1_146' title='bbox 316 2493 491 2556; x_wconf 87' lang='lat' dir='ltr'>Herculeus</span> <span class='ocrx_word' id='word_1_147' title='bbox 514 2491 656 2557; x_wconf 82' lang='lat' dir='ltr'>Caenina</span> <span class='ocrx_word' id='word_1_148' title='bbox 677 2493 790 2556; x_wconf 90' lang='lat' dir='ltr'>ductor</span> <span class='ocrx_word' id='word_1_149' title='bbox 811 2493 851 2556; x_wconf 86' lang='lat' dir='ltr'>ab</span> <span class='ocrx_word' id='word_1_150' title='bbox 874 2514 956 2575; x_wconf 89' lang='lat' dir='ltr'>arce,</span> 
     </span>
     <span class='ocr_line' id='line_1_27' title="bbox 140 2576 978 2660; baseline 0.002 -21"><span class='ocrx_word' id='word_1_151' title='bbox 140 2590 170 2639; x_wconf 78' lang='grc' dir='ltr'>ιο</span> <span class='ocrx_word' id='word_1_152' title='bbox 225 2576 338 2657; x_wconf 86' lang='lat' dir='ltr'>Roma,</span> <span class='ocrx_word' id='word_1_153' title='bbox 360 2578 423 2640; x_wconf 88' lang='lat' dir='ltr'>tuis</span> <span class='ocrx_word' id='word_1_154' title='bbox 446 2577 606 2660; x_wconf 85' lang='lat' dir='ltr'>quondam</span> <span class='ocrx_word' id='word_1_155' title='bbox 628 2577 750 2641; x_wconf 22' lang='lat' dir='ltr'>finibus*</span> <span class='ocrx_word' id='word_1_156' title='bbox 765 2577 879 2641; x_wconf 89' lang='lat' dir='ltr'>horror</span> <span class='ocrx_word' id='word_1_157' title='bbox 901 2580 978 2641; x_wconf 84' lang='lat' dir='ltr'>erat</span> 
     </span>
     <span class='ocr_line' id='line_1_28' title="bbox 185 2659 986 2744; baseline 0 -20"><span class='ocrx_word' id='word_1_158' title='bbox 185 2660 248 2725; x_wconf 87' lang='lat' dir='ltr'>Hic</span> <span class='ocrx_word' id='word_1_159' title='bbox 270 2660 373 2743; x_wconf 89' lang='lat' dir='ltr'>spolia</span> <span class='ocrx_word' id='word_1_160' title='bbox 395 2683 433 2724; x_wconf 89' lang='lat' dir='ltr'>ex</span> <span class='ocrx_word' id='word_1_161' title='bbox 454 2662 572 2725; x_wconf 90' lang='lat' dir='ltr'>umeris</span> <span class='ocrx_word' id='word_1_162' title='bbox 595 2684 689 2724; x_wconf 88' lang='lat' dir='ltr'>ausus</span> <span class='ocrx_word' id='word_1_163' title='bbox 712 2683 838 2744; x_wconf 88' lang='lat' dir='ltr'>sperare</span> <span class='ocrx_word' id='word_1_164' title='bbox 861 2659 986 2736; x_wconf 84' lang='lat' dir='ltr'>Quirini</span> 
     </span>
     <span class='ocr_line' id='line_1_29' title="bbox 228 2744 957 2830; baseline 0.003 -22"><span class='ocrx_word' id='word_1_165' title='bbox 228 2744 301 2829; x_wconf 92' lang='lat' dir='ltr'>Ipse</span> <span class='ocrx_word' id='word_1_166' title='bbox 324 2744 418 2828; x_wconf 85' lang='lat' dir='ltr'>dedit,</span> <span class='ocrx_word' id='word_1_167' title='bbox 442 2746 497 2810; x_wconf 90' lang='lat' dir='ltr'>sed</span> <span class='ocrx_word' id='word_1_168' title='bbox 517 2767 585 2809; x_wconf 94' lang='lat' dir='ltr'>non</span> <span class='ocrx_word' id='word_1_169' title='bbox 607 2747 762 2830; x_wconf 83' lang='lat' dir='ltr'>sanguine</span> <span class='ocrx_word' id='word_1_170' title='bbox 785 2747 869 2809; x_wconf 89' lang='lat' dir='ltr'>sicca</span> <span class='ocrx_word' id='word_1_171' title='bbox 890 2766 957 2810; x_wconf 88' lang='lat' dir='ltr'>suo.</span> 
     </span>
     <span class='ocr_line' id='line_1_30' title="bbox 185 2829 1066 2912; baseline -0.001 -17"><span class='ocrx_word' id='word_1_172' title='bbox 185 2829 283 2895; x_wconf 91' lang='lat' dir='ltr'>Hunc</span> <span class='ocrx_word' id='word_1_173' title='bbox 304 2830 391 2894; x_wconf 88' lang='lat' dir='ltr'>videt</span> <span class='ocrx_word' id='word_1_174' title='bbox 412 2834 486 2894; x_wconf 90' lang='lat' dir='ltr'>ante</span> <span class='ocrx_word' id='word_1_175' title='bbox 510 2852 602 2894; x_wconf 85' lang='lat' dir='ltr'>cavas</span> <span class='ocrx_word' id='word_1_176' title='bbox 624 2831 794 2893; x_wconf 89' lang='lat' dir='ltr'>librantem</span> <span class='ocrx_word' id='word_1_177' title='bbox 817 2830 939 2912; x_wconf 89' lang='lat' dir='ltr'>spicula</span> <span class='ocrx_word' id='word_1_178' title='bbox 960 2833 1066 2894; x_wconf 84' lang='lat' dir='ltr'>turres</span> 
     </span>
     <span class='ocr_line' id='line_1_31' title="bbox 229 2915 911 2998; baseline 0.001 -21"><span class='ocrx_word' id='word_1_179' title='bbox 229 2915 384 2978; x_wconf 85' lang='lat' dir='ltr'>Romulus</span> <span class='ocrx_word' id='word_1_180' title='bbox 407 2918 439 2979; x_wconf 90' lang='lat' dir='ltr'>et</span> <span class='ocrx_word' id='word_1_181' title='bbox 460 2916 543 2979; x_wconf 88' lang='lat' dir='ltr'>votis</span> <span class='ocrx_word' id='word_1_182' title='bbox 567 2920 700 2998; x_wconf 88' lang='lat' dir='ltr'>occupat</span> <span class='ocrx_word' id='word_1_183' title='bbox 722 2919 797 2978; x_wconf 89' lang='lat' dir='ltr'>ante</span> <span class='ocrx_word' id='word_1_184' title='bbox 818 2916 911 2978; x_wconf 86' lang='lat' dir='ltr'>ratis:</span> 
     </span>
     <span class='ocr_line' id='line_1_32' title="bbox 140 2997 1046 3083; baseline 0.002 -23"><span class='ocrx_word' id='word_1_185' title='bbox 140 3011 171 3060; x_wconf 79' lang='lat'>15</span> <span class='ocrx_word' id='word_1_186' title='bbox 187 2997 362 3083; x_wconf 78' lang='lat' dir='ltr'>‘Iuppiter,</span> <span class='ocrx_word' id='word_1_187' title='bbox 403 3000 483 3065; x_wconf 87' lang='lat' dir='ltr'>haec</span> <span class='ocrx_word' id='word_1_188' title='bbox 518 2999 614 3063; x_wconf 86' lang='lat' dir='ltr'>hodie</span> <span class='ocrx_word' id='word_1_189' title='bbox 654 2998 715 3062; x_wconf 85' lang='lat' dir='ltr'>tibi</span> <span class='ocrx_word' id='word_1_190' title='bbox 750 2999 881 3063; x_wconf 83' lang='lat' dir='ltr'>victima</span> <span class='ocrx_word' id='word_1_191' title='bbox 919 3000 1046 3062; x_wconf 79' lang='lat' dir='ltr'>corruet</span> 
     </span>
     <span class='ocr_line' id='line_1_33' title="bbox 730 3085 860 3147; baseline 0 -1"><span class='ocrx_word' id='word_1_192' title='bbox 730 3085 860 3147; x_wconf 70' lang='lat' dir='ltr'>Acron!</span> 
     </span>
     <span class='ocr_line' id='line_1_34' title="bbox 228 3167 912 3251; baseline 0.004 -21"><span class='ocrx_word' id='word_1_193' title='bbox 228 3167 378 3251; x_wconf 83' lang='lat' dir='ltr'>Voverat,</span> <span class='ocrx_word' id='word_1_194' title='bbox 401 3171 433 3232; x_wconf 88' lang='lat' dir='ltr'>et</span> <span class='ocrx_word' id='word_1_195' title='bbox 455 3168 592 3250; x_wconf 91' lang='lat' dir='ltr'>spolium</span> <span class='ocrx_word' id='word_1_196' title='bbox 619 3169 737 3232; x_wconf 88' lang='lat' dir='ltr'>corruit</span> <span class='ocrx_word' id='word_1_197' title='bbox 758 3169 812 3232; x_wconf 92' lang='lat' dir='ltr'>ille</span> <span class='ocrx_word' id='word_1_198' title='bbox 834 3167 912 3233; x_wconf 85' lang='lat' dir='ltr'>Iovi.</span> 
     </span>
     <span class='ocr_line' id='line_1_35' title="bbox 185 3252 982 3336; baseline -0.003 -18"><span class='ocrx_word' id='word_1_199' title='bbox 185 3253 284 3318; x_wconf 86' lang='lat' dir='ltr'>Vrbis</span> <span class='ocrx_word' id='word_1_200' title='bbox 307 3253 494 3336; x_wconf 87' lang='lat' dir='ltr'>virtutisque</span> <span class='ocrx_word' id='word_1_201' title='bbox 516 3274 630 3335; x_wconf 87' lang='lat' dir='ltr'>parens</span> <span class='ocrx_word' id='word_1_202' title='bbox 653 3253 698 3316; x_wconf 89' lang='lat' dir='ltr'>sic</span> <span class='ocrx_word' id='word_1_203' title='bbox 719 3255 846 3316; x_wconf 84' lang='lat' dir='ltr'>vincere</span> <span class='ocrx_word' id='word_1_204' title='bbox 869 3252 982 3335; x_wconf 85' lang='lat' dir='ltr'>suevit,</span> 
     </span>
     <span class='ocr_line' id='line_1_36' title="bbox 230 3336 1074 3421; baseline 0.005 -21"><span class='ocrx_word' id='word_1_205' title='bbox 230 3336 291 3411; x_wconf 84' lang='lat' dir='ltr'>Qui</span> <span class='ocrx_word' id='word_1_206' title='bbox 312 3338 388 3400; x_wconf 88' lang='lat' dir='ltr'>tulit</span> <span class='ocrx_word' id='word_1_207' title='bbox 410 3361 427 3399; x_wconf 90' lang='lat' dir='ltr'>e</span> <span class='ocrx_word' id='word_1_208' title='bbox 448 3358 545 3420; x_wconf 89' lang='lat' dir='ltr'>parvo</span> <span class='ocrx_word' id='word_1_209' title='bbox 568 3337 685 3421; x_wconf 83' lang='lat' dir='ltr'>frigida</span> <span class='ocrx_word' id='word_1_210' title='bbox 707 3341 811 3401; x_wconf 88' lang='lat' dir='ltr'>castra</span> <span class='ocrx_word' id='word_1_211' title='bbox 832 3338 921 3402; x_wconf 89' lang='lat' dir='ltr'>Lare.</span> <span class='ocrx_word' id='word_1_212' title='bbox 1071 3401 1074 3404; x_wconf 12' lang='grc' dir='ltr'><em>Α</em></span> 
     </span>
     <span class='ocr_line' id='line_1_37' title="bbox 186 3420 1035 3506; baseline 0.001 -21"><span class='ocrx_word' id='word_1_213' title='bbox 186 3420 277 3485; x_wconf 92' lang='lat' dir='ltr'>Idem</span> <span class='ocrx_word' id='word_1_214' title='bbox 300 3443 394 3504; x_wconf 90' lang='lat' dir='ltr'>eques</span> <span class='ocrx_word' id='word_1_215' title='bbox 418 3426 449 3484; x_wconf 87' lang='lat' dir='ltr'>et</span> <span class='ocrx_word' id='word_1_216' title='bbox 470 3421 585 3503; x_wconf 78' lang='lat' dir='ltr'>freniS,</span> <span class='ocrx_word' id='word_1_217' title='bbox 609 3421 693 3485; x_wconf 90' lang='lat' dir='ltr'>idem</span> <span class='ocrx_word' id='word_1_218' title='bbox 713 3423 775 3486; x_wconf 88' lang='lat' dir='ltr'>fuit</span> <span class='ocrx_word' id='word_1_219' title='bbox 796 3426 889 3505; x_wconf 83' lang='lat' dir='ltr'>aptus</span> <span class='ocrx_word' id='word_1_220' title='bbox 911 3421 1035 3506; x_wconf 83' lang='lat' dir='ltr'>aratris,</span> 
     </span>
     <span class='ocr_line' id='line_1_38' title="bbox 140 3505 919 3590; baseline 0.005 -23"><span class='ocrx_word' id='word_1_221' title='bbox 140 3518 173 3568; x_wconf 75' lang='lat'>20</span> <span class='ocrx_word' id='word_1_222' title='bbox 229 3505 275 3569; x_wconf 77' lang='lat' dir='ltr'>nt</span> <span class='ocrx_word' id='word_1_223' title='bbox 295 3507 388 3590; x_wconf 85' lang='lat' dir='ltr'>galea</span> <span class='ocrx_word' id='word_1_224' title='bbox 409 3505 532 3570; x_wconf 90' lang='lat' dir='ltr'>hirsuta</span> <span class='ocrx_word' id='word_1_225' title='bbox 555 3510 682 3590; x_wconf 88' lang='lat' dir='ltr'>compta</span> <span class='ocrx_word' id='word_1_226' title='bbox 704 3507 815 3590; x_wconf 89' lang='lat' dir='ltr'>lupina</span> <span class='ocrx_word' id='word_1_227' title='bbox 835 3507 919 3572; x_wconf 88' lang='lat' dir='ltr'>iuba.</span> 
     </span>
    </p>
   </div>
   <div class='ocr_carea' id='block_1_6' title="bbox 0 0 1200 3990">
    <p class='ocr_par' dir='ltr' id='par_1_6' title="bbox 0 0 1200 3990">
     <span class='ocr_line' id='line_1_39' title="bbox 0 0 1200 3990; baseline 0 0"><span class='ocrx_word' id='word_1_228' title='bbox 0 0 1200 3990; x_wconf 95' lang='lat' dir='ltr'> </span> 
     </span>
    </p>
   </div>
  </div>
 </body>
</html>
