2392 3990
11 244 29 301 r
59 248 127 321 uu]
158 292 161 301 .
436 246 544 303 aranu
565 245 601 304 u.
962 236 1005 300 29

58 409 106 474 Sed
125 431 192 474 non
214 409 362 472 inmerito
385 409 501 473 velavit
522 430 638 472 aranea
658 408 770 471 fanum
972 417 1006 468 35

88 495 127 559 111
146 495 233 559 mala
254 495 407 615 desertos*
418 496 553 577 occupat
573 491 674 615 herlpa
696 493 782 558 deos.

57 662 128 738 Quos
149 663 250 749 igitur
270 663 331 725 tibi
354 625 618 744 custodes,*quae
640 661 752 725 limina
773 681 907 744 ponam,

89 747 170 823 Quae
192 768 367 829 numquam
389 768 485 829 supra
506 767 562 830 pes
584 745 732 810 inimicus
755 745 828 809 eat?

56 830 125 897 Nam
146 831 229 896 nihil
251 831 370 894 invitae
390 832 492 894 tristis
516 830 661 894 custodia
681 831 825 913 prodest:

88 917 185 993 Quam
206 936 338 999 peccare
359 915 472 1038 pipdet,
496 912 634 998 Cynthia
640 964 659 1037 ζμ
671 917 741 978 tuta
763 917 814 978 sat
835 916 892 980 est.
974 923 1009 977 40

56 1083 112 1151 Nos
132 1107 212 1149 uxor
233 1105 421 1181 numquam,
444 1046 618 1167 numduam
641 1082 769 1147 diducet
790 1083 907 1148 amica:

89 1169 217 1254 Semper
239 1191 342 1233 amica
361 1167 456 1245 mihi,
480 1191 605 1251 semper
627 1172 659 1232 et
680 1189 760 1232 uxor
782 1169 853 1233 eris·

446 1292 599 1412 ‘us

54 1457 160 1523 Gavisa
182 1479 216 1522 es
240 1459 324 1521 certe
347 1455 523 1537 sublatam,
547 1454 701 1539 Cynthia,
724 1456 844 1541 legem,

89 1543 156 1620 Qua
177 1542 337 1626 quondam
360 1541 463 1604 edicta
484 1540 597 1603 flemus
619 1544 751 1624 uterque
773 1541 843 1622 diu,

53 1625 169 1692 Ninos
191 1624 355 1690 diuideret.
392 1624 535 1707 quamvis
558 1624 704 1690 diducere
728 1629 871 1689 amantes

87 1711 162 1777 Non
184 1713 279 1794 queat
299 1710 417 1773 invitos
439 1708 583 1792 Iuppiter
605 1707 678 1793 ipse¹
696 1709 785 1774 duos.

53 1796 91 1860 At
110 1816 246 1879 magnus
270 1792 396 1858 Caesar.
428 1793 487 1856 sed
505 1815 641 1878 magnus
662 1793 780 1858 Caesar
801 1794 837 1858 in
859 1793 970 1857 armis:
993 1806 1008 1854 a

88 1880 239 1945 Devictae
261 1880 373 1963 gentes
390 1877 444 1941 nil
465 1877 500 1941 in
522 1900 629 1941 amore
651 1879 768 1943 valent.

52 1963 130 2030 Nam
151 1964 244 2029 citius
266 1966 393 2046 paterer
415 1965 510 2044 caput
530 1961 593 2026 hoc
615 1962 776 2026 discedere
799 1963 882 2026 collo
889 2011 899 2046 ,

89 2048 190 2126 Quam
211 2068 339 2132 possem
360 2050 480 2129 nuptae
501 2046 633 2128 perdere
655 2068 762 2110 amore
783 2047 881 2110 faces.

53 2134 113 2197 Aut
134 2153 195 2218 ego
218 2132 387 2195 transirem
408 2134 464 2194 tua
485 2131 597 2194 limina
619 2131 725 2194 clausa
746 2132 893 2214 maritus,

88 2217 275 2301 Respiciens
296 2214 368 2280 udis
389 2215 515 2299 prodita
536 2215 734 2279 luminibus?
982 2227 1012 2279 lo

53 2302 169 2367 lmea
189 2305 259 2365 tum
281 2300 390 2384 quales
413 2303 540 2363 caneret
561 2300 635 2378 tibi,
661 2299 815 2384 Cynthia,
837 2321 968 2364 somnos

90 2386 198 2470 Tibia,
220 2386 347 2449 funesta
368 2385 492 2506 tristior
512 2384 569 2447 illa
589 2385 679 2450 tuba!

643 2470 661 2507 *

54 2554 140 2621 Vnde
162 2554 243 2619 mihi
264 2553 392 2618 Parthis
414 2557 507 2617 natos
520 2516 680 2636 ²¹praebere
701 2554 894 2640 triumphis?

89 2640 206 2706 Nullus
229 2639 267 2703 de
288 2641 399 2701 nostro
423 2639 578 2722 sanguine
600 2639 692 2702 miles
715 2640 784 2704 erit.

53 2723 167 2806 †Quod
189 2723 217 2788 si
237 2745 312 2786 vera
333 2743 422 2786 meae
444 2724 632 2786 comitarent
654 2727 758 2787 castra
779 2725 917 2808 puellae,
981 2735 1012 2786 11

90 2808 167 2874 Non
187 2807 267 2872 mihi
290 2811 339 2871 sat
360 2829 496 2891 magnus
520 2805 661 2871 Castoris
683 2809 745 2871 iret
767 2830 875 2891 equus.

54 2890 134 2958 Hinc
156 2893 276 2957 etenim
296 2894 423 2955 tantum
445 2892 562 2956 meruit
582 2914 653 2956 mea
674 2893 778 2976 gloria
800 2914 934 2976 nomen,

92 2977 203 3043 Gloria
224 2977 264 3040 ad
286 2976 438 3039 hibernos
461 2977 525 3039 lata
540 2975 808 3058 Borysthenidas

53 3060 97 3126 'lu
117 3061 198 3126 mihi
221 3061 290 3124 sola
310 3061 433 3144 places:
457 3061 599 3143 placeam
614 3061 674 3123 tibi
680 3110 689 3142 ‚
706 3060 860 3143 Cynthia,
876 3062 977 3127 solus}

90 3146 154 3212 Hic
176 3145 237 3211 crit
259 3148 292 3208 31
313 3144 416 3229 patrio
440 3146 596 3229 sanguine
617 3145 718 3228 pluris
741 3167 838 3210 amor.

480 3334 578 3409 VIII.

51 3450 105 3517 Eri
129 3450 195 3516 itur
215 3451 309 3514 nobis
332 3449 541 3531 iampridem
565 3471 637 3513 cara
658 3450 779 3532 puella:

120 3539 137 3601 t
157 3538 194 3599 tu
215 3556 267 3599 me
288 3534 435 3599 lacrimas
456 3533 605 3617 fundere,
628 3535 743 3616 amice,
765 3538 862 3601 vetas
