2392 3990
100 237 168 307 rr]
349 189 352 198 ¹
491 235 599 289 urana
619 233 668 290 111.

142 400 253 480 Calue,
276 402 332 463 tua
353 398 462 480 venia,
484 419 578 481 pace,
601 395 742 478 Catulle,
763 398 828 459 tua.

104 483 194 547 Miles
217 483 370 566 depositis
393 504 532 546 annosus
555 481 683 546 secubat
704 481 815 562 armis,
1047 490 1062 537 s

143 568 384 651 Grandaevique
405 570 528 652 negant
549 566 662 630 ducere
684 569 788 628 aratra
809 565 925 647 boves,

105 649 207 716 Putris
230 656 263 715 et
284 653 319 715 in
339 672 438 715 vacua
459 650 629 735 requiescit
648 649 739 714 navis
762 670 873 729 arena,

141 736 187 800 Et
207 741 298 800 vetus
319 736 354 800 in
375 736 495 818 templo
519 735 633 798 bellica
653 756 764 819 parma
784 735 890 797 vacat:

105 820 146 882 At
167 842 218 884 me
240 821 280 884 ab
302 841 408 883 amore
429 824 484 883 tuo
508 818 636 882 diducet
655 819 746 882 nulla
767 820 929 900 senectus,

144 904 216 969 Sive
238 925 298 989 ego
321 904 477 968 Tithonus
499 904 565 967 sive
587 924 648 987 ego
668 903 789 968 Nestor
811 922 874 966 ero.
1031 914 1068 962 ιο·

105 986 217 1053 Nonne
239 989 300 1052 fuit
321 989 420 1053 satius
442 987 520 1052 duro
543 988 660 1052 servire
682 991 819 1070 tyranno

120 1115 123 1120 ·
143 1072 186 1136 Et
207 1095 335 1157 gemere
357 1074 391 1136 in
413 1077 521 1154 tauro,
544 1094 635 1136 saeve
656 1071 787 1154 Perille,
808 1069 887 1134 tuo?

106 1154 262 1242 Gorgonis
285 1161 317 1221 et
339 1158 436 1221 satius
458 1157 520 1219 fuit
541 1157 749 1222 obdurescere
770 1153 881 1219 vultu?

144 1240 311 1313 Caucasias
334 1243 429 1305 etiam
450 1240 477 1304 si
498 1245 678 1325 pateremur
698 1241 795 1304 aves?

106 1322 163 1388 Sed
184 1331 293 1390 tamen
314 1327 477 1390 obsistam.
515 1326 629 1389 teritur
650 1326 798 1410 rubigine
820 1346 929 1389 mucro
1031 1339 1061 1385 15

143 1409 276 1474 Ferreus
298 1414 331 1474 et
352 1431 449 1493 parvo
473 1431 566 1494 saepe
587 1410 710 1493 liquore
732 1410 826 1474 silex:

106 1496 147 1556 At
165 1495 255 1559 nullo
279 1494 426 1559 dominae
447 1495 560 1558 teritur
581 1495 745 1559 molimine
771 1497 910 1559 amator:

142 1578 256 1643 Restat
277 1582 309 1642 ct
330 1580 478 1642 inmerito
499 1580 636 1643 sustinet
656 1579 866 1660 aureminas.

107 1658 195 1727 Vltro
218 1655 420 1746 contemptus
441 1666 536 1748 rogat
558 1668 590 1727 et
610 1661 759 1748 peccasse
780 1665 899 1728 fatetur

142 1746 260 1812 Laesus
283 1751 316 1811 et
336 1749 444 1811 invitis
466 1750 535 1831 ipse
555 1747 639 1811 redit
660 1749 802 1831 pedibus.
1029 1761 1062 1809 20

107 1830 150 1894 Tu
172 1853 314 1916 quoquo,
338 1833 393 1915 qui
414 1832 510 1916 pleno
533 1832 634 1896 fastus
656 1833 796 1896 adsumis
818 1853 940 1916 amore,

144 1916 294 1998 Credule,
316 1917 406 1980 nulla
426 1917 480 1981 diu
501 1917 621 1980 femina
642 1918 767 2000 pondus
788 1917 894 1982 habet.

104 2002 154 2064 An
175 2002 343 2085 quisquam
363 2002 399 2064 in
420 2001 533 2065 mediis
556 2001 708 2085 persolvit
728 2006 803 2065 vota
823 2002 989 2085 procellis,

101 2121 104 2128 ·
144 2084 225 2149 Cum
247 2107 342 2170 saepe
362 2085 398 2148 in
420 2090 515 2169 portu
536 2086 638 2150 fracta
660 2086 767 2150 carina
788 2086 898 2149 natet?

102 2171 168 2234 Aut
189 2169 276 2252 prius
298 2170 418 2234 infecto
440 2171 585 2254 deposcit
605 2171 745 2255 praemia
767 2191 875 2252 cursu,
1029 2183 1061 2232 25

143 2252 183 2318 Se
206 2254 284 2318 tima
306 2276 401 2338 quam
422 2260 541 2319 metam
562 2256 686 2319 triverit
707 2256 781 2319 ante
802 2254 906 2331 rota?¹

101 2277 270 2402 Mendaces
293 2339 408 2403 ludunt
428 2340 521 2403 flatus
543 2341 578 2403 in
599 2361 706 2404 amore
728 2339 874 2418 secundi:

142 2421 241 2506 Siqua
262 2424 350 2487 venit
371 2437 457 2506 sero,
479 2445 599 2509 magna
620 2426 712 2488 ruina
733 2425 830 2488 venit.

100 2506 148 2570 Tu
168 2510 277 2570 tamen
298 2508 434 2590 interea,
458 2510 602 2590 quamvis
623 2513 655 2573 te
679 2508 792 2605 diligat
812 2508 883 2592 illa,

141 2590 181 2654 ln
202 2592 300 2655 tacito
323 2592 436 2656 cohibe
458 2591 575 2676 gaudia
596 2593 704 2657 clausa
725 2615 806 2658 sinu.
1029 2607 1061 2655 30
1159 2677 1162 2682 Ι

98 2676 246 2758 Namque
267 2676 302 2738 in
323 2698 430 2740 amore
452 2698 509 2740 suo
532 2698 657 2760 semper
678 2700 735 2741 sua
755 2678 893 2741 maxima
915 2677 1027 2761 cuique

142 2759 324 2843 Nescioquo
348 2766 441 2844 pacto
463 2762 560 2825 verba
581 2782 697 2825 nocere
719 2763 833 2827 solent.

99 2845 251 2919 Quamvis
273 2850 305 2908 te
328 2868 478 2928 persaepe
500 2849 607 2927 vocet,
631 2846 729 2910 semel
748 2847 795 2910 ire
815 2849 991 2911 memento:

141 2929 297 2992 Invidiam
320 2930 404 3012 quod
426 2930 538 3011 habet,
561 2951 628 2994 non
650 2930 733 2994 solet
754 2952 824 2995 esse
846 2931 909 2996 diu.

100 3017 146 3077 At
167 3014 195 3077 si
218 3014 321 3077 saecla
342 3015 449 3078 forent
470 3015 608 3097 antiquis
630 3016 761 3098 'sgrata
780 3016 914 3098 puellis,
1029 3030 1061 3076 35

141 3097 255 3161 Essem
278 3120 353 3183 ego,
376 3099 461 3181 quod
482 3120 568 3162 nunc
589 3102 639 3162 tu:
662 3101 806 3183 tempore
821 3101 934 3165 vincor
949 3121 1018 3186 ego.

98 3181 174 3245 Non
196 3186 305 3246 tamen
326 3184 389 3246 ista
410 3205 498 3246 meos
519 3183 689 3246 mutabunt
710 3184 835 3247 saecula
856 3206 977 3250 mores:

141 3265 232 3330 Vnus
255 3267 387 3350 quisque
409 3289 466 3331 sua
486 3268 613 3330 noverit
633 3268 679 3331 ire
700 3268 761 3332 via.

98 3353 238 3432 Atros,
262 3352 315 3433 qui
337 3351 442 3414 officia
463 3352 497 3414 in
519 3352 637 3415 multos
659 3352 815 3417 revocatis
838 3375 976 3437 amores,

143 3434 303 3509 Quantum
326 3437 371 3498 sic
394 3437 514 3499 cruciat
535 3436 656 3500 lumina
676 3440 783 3501 vestra
805 3436 910 3503 dolor!
1029 3452 1062 3500 40

103 3518 234 3582 Vidistis
257 3521 352 3601 pleno
375 3524 518 3584 teneram
540 3520 677 3585 candore
698 3522 850 3606 puellam,

149 3623 300 3660 Psorunuva
892 3626 911 3676 4
