2392 3990
119 262 162 327 60
500 270 694 325 PROPERTll
926 293 931 301 ·
973 269 1067 342 [Xlllll.

168 430 280 496 'Nulla
299 435 407 495 tamen
428 431 512 495 lecto
533 432 648 514 recipit
669 452 703 496 se
725 431 794 495 sola
814 431 964 495 libenter:

224 514 284 579 Est
306 515 472 599 quiddam,
495 516 581 599 quod
602 537 659 580 vos
681 537 830 599 quaerere
853 520 949 600 cogat
972 517 1066 579 Amor.

182 598 314 684 Semper
336 600 370 663 in
392 600 540 664 absentes
562 600 687 665 felicior
709 604 814 664 aestus
836 603 995 664 amantes:

223 683 338 749 Elevat
359 684 508 749 adsiduos
531 685 623 769 copia
648 685 746 769 longa
767 685 862 749 viros.

523 814 675 828 ..ι-η*

408 898 551 972 xxxn
577 900 789 1007 [xxxam.

180 1022 246 1088 Gur
260 1024 427 1106 quisquam
442 1024 556 1087 faciem
571 1022 718 1087 dominae
733 1024 797 1086 iam
812 1024 913 1087 credit
928 1020 1047 1087 amico?

223 1107 275 1172 Sic
298 1112 406 1191 erepta
427 1107 506 1171 mihi
528 1129 628 1191 paene
651 1109 756 1190 puella
777 1113 888 1172 meast.

179 1191 338 1341 Expertus
361 1193 449 1274 dico,
472 1195 603 1256 nemost.
620 1191 655 1255 in
676 1213 784 1256 amore
807 1192 925 1257 fidelis:

249 1298 409 1341 ormosam
430 1298 502 1340 raro
525 1297 591 1340 non
614 1277 676 1340 sibi
698 1278 831 1361 quisque
853 1277 943 1361 petit

150 1361 302 1425 tPclluit
324 1363 378 1425 ille
401 1361 478 1425 deus
501 1364 672 1446 cognatos,
695 1362 790 1424 solvit
812 1362 946 1443 amicos,

221 1445 266 1510 llt
287 1447 368 1510 bene
390 1445 562 1510 concordes
584 1445 689 1509 tristia
710 1445 750 1508 ad
771 1468 859 1509 arma
880 1448 984 1509 vocat.

178 1531 259 1596 Tros
282 1535 314 1595 et
335 1531 370 1594 in
391 1530 566 1613 hospitium
588 1529 735 1594 Menelao
758 1531 846 1594 venit
871 1529 1009 1594 adulter:

222 1615 351 1680 Colchis
374 1618 405 1677 et
426 1616 573 1699 ignotum
594 1635 702 1679 nonne
724 1620 832 1679 secuta
853 1614 1009 1678 virumst?

178 1699 322 1782 Lyncea,
344 1702 421 1762 tune
443 1720 547 1762 meam
567 1699 716 1783 potuisti,
738 1699 872 1784 perfide,
896 1720 1004 1764 curam

131 1798 162 1846 ιο
219 1782 386 1869 Tangere?
409 1804 517 1847 nonne
538 1787 611 1847 tuac
633 1787 702 1846 tum
726 1783 867 1848 cecidere
889 1783 1024 1847 manus?

179 1868 262 1944 Quid
285 1869 400 1932 sinon
422 1872 572 1932 constans
593 1868 649 1931 illa
672 1872 790 1931 ettam
813 1872 900 1932 certa
920 1866 1053 1932 fnisset?

220 1951 335 2017 Posses
357 1953 392 2015 in
413 1956 504 2016 tanto
528 1955 631 2016 vivere
653 1952 798 2016 flacitio?

179 2036 228 2101 Tu
249 2037 328 2102 mihi
351 2037 401 2101 vel
423 2037 508 2101 ferro
531 2041 641 2120 peetus
662 2006 715 2101 vel
734 2038 830 2121 perde
852 2058 992 2102 veneno:

220 2124 249 2184 A
273 2121 402 2185 domina
423 2125 548 2186 tantum
570 2123 601 2185 te
623 2120 719 2186 modo
741 2122 819 2185 tolle
844 2144 923 2185 mea.

130 2219 160 2267 15
176 2204 221 2287 Te
244 2206 365 2271 socium
386 2207 486 2287 vitae,
508 2211 540 2269 te
563 2207 704 2289 corporis
727 2227 795 2270 esse
818 2206 941 2288 licebit,

220 2289 265 2354 Te
288 2290 452 2354 dominum
474 2289 608 2352 admitto
630 2290 737 2372 rebus,
761 2291 878 2372 amice,
899 2291 994 2356 meis:

177 2375 275 2439 Lecto
297 2378 329 2438 te
352 2375 471 2456 solum,
494 2374 577 2437 lecto
599 2376 631 2437 te
654 2375 807 2457 deprecor
828 2396 908 2438 uno:

219 2459 364 2523 Rivalem
386 2479 516 2542 possum
538 2479 605 2521 non
628 2479 687 2542 ego
710 2459 793 2522 ferre
814 2457 933 2524 Iovem.

176 2543 250 2628 lpse
272 2564 358 2607 meas
380 2544 482 2624 solus,
505 2543 590 2625 quod
611 2543 659 2606 nil
681 2547 744 2626 est,
767 2543 910 2607 aemulor
932 2546 1078 2628 umbras,

127 2642 160 2689 ao
218 2627 355 2709 Stultus,
379 2626 463 2710 quod
484 2628 573 2691 nullo
596 2649 689 2711 saepe
710 2628 825 2691 timore
847 2630 958 2693 tremo.

178 2712 250 2777 Vna
270 2715 379 2774 tamen
402 2715 541 2794 causast,
564 2732 619 2776 cur
642 2712 776 2776 crimina
797 2715 888 2775 tanta
909 2713 1057 2795 remitto,

219 2797 379 2860 Errabant
400 2797 500 2859 multo
523 2797 606 2880 quod
629 2800 685 2859 tua
706 2794 803 2860 verba
823 2818 920 2862 merc.

177 2880 238 2946 Sed
261 2901 435 2964 numquam
457 2881 540 2944 vitae
561 2881 652 2944 fallet
673 2903 724 2944 me
744 2903 826 2965 ruga
848 2903 991 2947 severae:

136 3003 141 3011 ·
220 2966 339 3029 Omnes
360 2966 424 3029 iam
445 2969 578 3047 norunt,
602 2987 697 3048 quam
719 2966 762 3029 sit
783 2987 888 3029 amare
911 2966 1043 3031 bonum.

127 3064 159 3111 25
174 3048 321 3132 Lynceus
343 3050 412 3133 ipse
433 3072 523 3114 meus
545 3071 632 3113 seros
655 3050 775 3113 insanit
797 3072 944 3123 amores,

219 3134 328 3199 Solum
350 3138 383 3199 te
404 3137 532 3198 nostros
554 3135 655 3197 laetor
677 3134 764 3198 adire
787 3135 871 3199 deos.

176 3219 260 3295 Quid
281 3223 337 3283 tua
360 3219 530 3284 Socraticis
553 3217 613 3280 tibi
634 3239 720 3282 nunc
742 3219 900 3302 sapientia
921 3219 1012 3283 libris

218 3302 364 3368 Proderit
385 3306 441 3365 aut
462 3324 567 3366 rerum
589 3302 693 3367 dicere
715 3324 808 3386 posse
832 3304 921 3367 vias?

176 3390 243 3452 Aut
265 3388 340 3472 quid
364 3409 421 3470 epe
445 3385 517 3451 Chii
539 3387 599 3451 tibi
621 3391 757 3469 prosunt
772 3389 913 3452 carmina
927 3388 1033 3452 lecta?

127 3486 159 3536 30
215 3472 271 3536 Nil
294 3473 382 3536 iuvat
403 3472 438 3534 in
460 3492 577 3555 magno
599 3475 703 3535 vester
724 3494 831 3536 amore
854 3495 960 3537 senex.

175 3557 223 3621 Tu
246 3558 346 3620 satius
368 3577 542 3620 memorem
564 3557 651 3620 lusus
673 3557 797 3621 imitere
819 3557 984 3622 Plriletanr
