2392 3990
125 266 174 340 u]
514 269 623 323 unua
643 269 665 324 u
1036 265 1073 324 11

125 427 255 515 Cynthia
276 454 327 498 ma
349 432 458 496 docuit
479 453 605 515 semper
627 453 706 515 quae
730 432 842 514 cuique
863 427 1000 514 petenda

157 514 305 599 Quaeque
327 517 468 582 cavenda
489 516 610 580 forent:
632 536 700 579 non
720 515 801 579 nihil
824 515 892 599 egit
905 513 1016 580 Amor.
1042 525 1077 574 20

123 595 268 684 lucare,
290 622 332 665 ne
353 601 438 665 tristi
461 601 569 684 cupias
591 622 734 684 pugnare
756 599 881 683 puellae

155 682 243 749 Neve
266 685 402 768 superba
424 686 512 768 loqui
533 706 613 748 neve
634 687 739 747 tacere
762 685 825 766 diu,

121 764 199 852 Neu,
222 769 327 852 siquid
349 768 451 852 petiit,
474 770 602 853 ingrata
621 768 728 832 fronte
749 768 887 852 negaris,

154 852 227 918 Neu
248 853 309 917 tibi
331 874 390 936 pro
412 874 495 917 vano
517 852 614 916 verba
635 852 776 937 benigna
796 851 922 918 cadant.

120 933 248 1000 Inritata
268 941 366 1020 venit,
390 937 516 1020 quando
540 937 754 1002 contemnitur
773 937 838 1019 illa,
1041 946 1076 996 ‘25

153 1020 223 1087 Nec
244 1021 391 1085 meminit
412 1021 511 1085 iustas
533 1042 652 1105 ponere
673 1022 759 1085 laesa
779 1021 900 1084 minas:

121 1105 158 1170 lt
179 1126 242 1190 quo
265 1105 309 1170 sis
330 1105 461 1170 humilis
482 1107 585 1190 magis
607 1110 640 1170 et
661 1105 821 1170 subiectus
843 1104 953 1188 amori,

155 1189 227 1255 Hoc
249 1190 352 1275 magis
376 1190 488 1254 effecto
512 1211 606 1273 saepe
626 1191 732 1253 fruare
753 1190 849 1253 bono.

118 1271 145 1338 Is
154 1273 286 1435 poterit
305 1274 384 1338 felix
404 1295 469 1337 una
489 1295 652 1338 remanere
674 1274 790 1357 puella,

183 1380 216 1423 ur
237 1379 412 1442 numquam
434 1379 533 1422 vacuo
555 1362 683 1442 pectore
704 1359 785 1423 liber
807 1359 877 1423 erit.
1042 1368 1076 1418 30

526 1472 667 1482 ———

558 1574 621 1649 XI.

118 1694 161 1761 ilc
183 1696 238 1761 uid
259 1699 291 1761 te
314 1697 426 1762 mediis
449 1700 636 1780 cessantem,
659 1695 808 1780 Cynthia,
832 1695 918 1780 Bais,

158 1718 228 1857 gua
249 1781 333 1846 iacet
354 1781 520 1845 Herculeis
543 1782 658 1845 semita
679 1782 836 1864 litoribus,

119 1863 157 1928 bt
178 1865 274 1929 modo
296 1869 328 1931 te
350 1865 458 1929 Protei
479 1866 647 1930 mirantem
669 1866 796 1930 subdita
820 1886 921 1950 regno

154 1949 305 2014 Proxima
326 1949 459 2014 Misenis
482 1971 619 2034 aequora
640 1950 802 2014 nobilibus

118 2029 224 2098 Nostri
246 2055 321 2099 cura
343 2035 429 2097 subit
450 2055 606 2098 memores
628 2057 648 2098 a
669 2034 784 2098 ducere
805 2033 939 2098 noctes?
1057 2045 1077 2096 a

153 2117 273 2202 Ecquis
294 2119 329 2182 in
351 2121 492 2182 extremo
514 2122 615 2183 restat
635 2139 743 2183 amore
762 2117 873 2184 locus?

119 2201 166 2266 An
187 2203 420 2287 tenescioquis
443 2204 599 2268 simulatis
621 2203 750 2289 ignibus
772 2201 874 2267 hostis

156 2286 292 2351 Sustulit
313 2309 330 2351 e
352 2288 480 2369 nostrie,
504 2287 652 2371 Cynthia,
677 2286 892 2353 carminibus?

120 2369 221 2455 Atque
244 2373 366 2435 utinam
388 2394 481 2458 mage
503 2377 535 2437 te
557 2374 652 2437 remis
675 2373 794 2436 confisa
815 2371 947 2436 minutis

154 2455 291 2520 Parvola
311 2456 449 2521 Lucrina
470 2458 584 2540 cymba
605 2460 745 2521 moretur
767 2479 858 2541 aqua,
1040 2468 1077 2518 10

119 2537 178 2604 Aut
198 2544 308 2605 teneat
329 2543 468 2606 clausam
489 2543 578 2606 tenui
601 2541 805 2606 Teuthrantis
827 2543 861 2605 in
882 2541 967 2605 unda

154 2625 306 2689 Alternae
327 2626 429 2691 facilis
452 2626 561 2691 cedere
583 2625 715 2710 lympha
735 2648 842 2709 manu,

120 2705 215 2784 Quam
236 2714 328 2774 vacet
349 2711 479 2774 alterius
501 2712 636 2776 blandos
659 2711 768 2776 audire
791 2731 935 2775 susurros

155 2793 297 2859 Molliter
318 2796 352 2858 in
373 2796 471 2859 tacito
494 2796 587 2860 litore
611 2796 820 2879 conpositam,

119 2873 159 2942 Vt
180 2879 263 2943 solet
284 2885 390 2943 amoto
412 2881 477 2943 labi
500 2880 630 2945 custode
652 2880 759 2963 puella
1039 2891 1073 2942 15

153 2961 286 3046 Perfida,
312 2986 495 3028 communes
520 2986 579 3029 nec
600 2965 783 3029 meminisse
808 2965 898 3048 deos3

118 3042 188 3111 Non
210 3048 284 3131 quia
305 3053 471 3131 perspecta
492 3072 558 3113 non
581 3070 614 3113 es
636 3048 715 3112 mihi
738 3050 867 3132 cognita
887 3048 982 3131 fama,

155 3131 217 3196 sed
240 3133 323 3214 quod
345 3134 380 3195 in
401 3133 460 3196 linc
483 3135 587 3197 omnis
608 3136 697 3216 parte
718 3138 845 3198 veretur
867 3155 964 3197 amor.

117 3212 264 3301 Ignoscas
286 3217 394 3301 igitur,
417 3218 521 3300 siquid
542 3218 602 3281 tibi
624 3219 714 3280 triste
736 3218 837 3289 libelli

153 3300 332 3365 Attularint
352 3303 470 3366 nostri:
494 3303 587 3386 culpa
607 3303 732 3367 timoris
755 3303 823 3366 erit.
1037 3313 1074 3365 20

115 3385 158 3471 A,
179 3383 259 3450 mihi
280 3407 346 3449 non
367 3386 469 3450 maior
491 3409 581 3451 carae
604 3387 747 3450 custodia
769 3387 879 3452 matris

152 3469 220 3535 Aut
242 3470 311 3535 sine
333 3475 364 3535 te
385 3472 469 3534 vitae
492 3493 566 3535 cura
587 3472 630 3535 sit
651 3473 717 3534 ulla
738 3494 835 3536 meae.

113 3552 160 3622 Tu
182 3553 261 3621 mihi
285 3557 353 3620 sola
376 3556 498 3640 domus,
520 3559 565 3640 tu,
589 3555 737 3640 Cynthia,
760 3557 828 3622 sola
850 3569 1009 3641 parentes,
