2392 3990
120 211 161 275 62
436 216 630 272 PROPERTII
652 216 758 270 LIBER
782 216 829 271 111.
951 210 1088 286 [XXXII.

134 392 167 442 το
224 380 342 445 Missus
365 384 398 445 et
419 380 571 464 inpressis
596 378 716 443 haedus
739 379 779 443 ab
800 378 960 443 uberibus.

184 463 290 547 Felix,
313 465 368 549 qui
390 466 469 528 viles
491 464 595 549 pomis
620 463 772 527 mercaris
795 466 932 527 amores!

227 547 311 614 Huic
333 550 408 613 licet
429 552 575 633 ingratae
597 547 726 630 Tityrus
749 548 818 631 ipse
840 550 949 610 canat:

184 631 275 697 Felix
296 634 453 699 intactum
476 632 626 715 Corydon
651 633 705 716 qui
727 634 863 715 temptat
884 631 1002 695 Alexin

228 717 397 802 Agricolae
420 719 541 782 domini
564 738 692 801 carpere
715 716 860 781 delicias!

136 815 168 862 75
184 800 336 876 Quamvis
358 802 412 866 ille
434 823 491 866 sua
513 802 615 866 lassus
640 802 818 884 requiescat
839 823 953 883 avena,

227 884 389 951 Laudatur
410 887 523 950 faciles
548 887 632 950 inter
653 885 902 968 Hamadryadas

184 969 233 1034 'Iti
256 972 344 1035 canis
365 971 497 1036 Ascraei
519 971 634 1035 veteris
657 972 826 1054 praccepta
851 973 980 1054 poetae,

228 1054 297 1130 Quo
320 1077 411 1140 seges
434 1057 468 1119 in
490 1076 618 1138 campo,
642 1075 704 1138 quo
727 1055 809 1119 viret
830 1077 893 1118 uva
915 1055 1000 1138 iugo.

185 1138 263 1203 Tale
285 1140 364 1204 facis
387 1161 529 1221 carmen,
555 1139 649 1203 docta
671 1139 829 1202 testudine
852 1139 945 1222 quale

136 1237 169 1283 80
227 1223 382 1308 Cynthius
404 1225 551 1308 inpositis
572 1227 731 1307 temperat
752 1224 902 1288 articulis.

184 1307 261 1374 Non
282 1312 391 1374 tamen
412 1309 491 1373 haec
512 1308 570 1372 ulli
592 1309 722 1372 venient
746 1309 872 1393 ingrata
893 1308 1030 1392 legenti,

230 1392 359 1458 sivein
381 1415 489 1457 amore
510 1392 599 1457 rudis
621 1393 687 1456 sive
709 1393 829 1476 peritus
852 1393 921 1457 erit.

59 1520 61 1524 ι
184 1477 254 1543 Nec
268 1478 375 1542 minor
388 1477 439 1542 his
455 1477 568 1540 animis
584 1480 654 1559 aut,
668 1477 724 1558 †si
738 1478 857 1560 minor,
880 1497 935 1541 ore
950 1497 1083 1541 canorus

228 1562 360 1626 Anseris
382 1563 512 1626 indocto
534 1563 673 1626 carmine
695 1561 791 1626 cessit
812 1563 890 1625 olor.

137 1659 168 1708 85
183 1644 273 1710 Haeo
296 1667 420 1730 quoque
442 1646 584 1730 perfecto
606 1646 736 1710 ludebat
757 1645 873 1710 Iasone
894 1644 1015 1730 Varro,

228 1728 332 1794 Varro
354 1730 530 1795 Leucadiae
552 1732 690 1794 maxima
710 1731 837 1794 flamma
859 1752 943 1794 suae.

63 1876 67 1884 .
185 1813 274 1880 Haec
297 1836 421 1898 quoque
442 1815 553 1879 lascivi
575 1819 744 1881 cantarunt
771 1816 890 1899 scripta
912 1813 1044 1899 Catulli,

227 1899 343 1964 Lesbia
364 1900 435 1983 quis
457 1901 527 1984 ipsa
551 1901 659 1965 notior
681 1904 729 1964 est
750 1899 883 1965 Helena.

187 1982 276 2050 Haec
298 1984 394 2048 etiam
417 1984 503 2049 docti
526 1985 704 2049 confessast
725 1986 844 2069 pagina
867 1983 972 2066 Calvi,

137 2082 171 2130 90
229 2067 310 2133 (lum
332 2073 461 2134 caneret
481 2070 614 2134 miserae
638 2069 751 2133 funera
773 2069 956 2144 Quintiliae.

185 2151 229 2218 Et
250 2154 345 2218 modo
367 2154 508 2218 formosa
530 2175 624 2236 quam
649 2154 749 2217 multa
770 2152 924 2235 Lycoride
947 2151 1061 2221 Gallus

228 2237 375 2303 Mortuus
398 2239 523 2303 inferna
548 2239 679 2302 vulnera
701 2237 779 2301 lavit
801 2260 818 2299 a
842 2245 897 2302 ua!

186 2320 326 2406 Cynthia
348 2323 425 2406 quin
448 2322 543 2386 etiam
565 2343 658 2386 versu
680 2322 807 2386 laudata
821 2259 990 2406 l'roperti,

227 2407 296 2473 Hos
319 2407 402 2471 inter
424 2407 451 2470 si
473 2427 524 2471 me
545 2427 664 2491 ponere
686 2405 785 2471 Fama
808 2406 902 2471 volet.
