2392 3990
118 253 160 314 84
498 256 692 312 peonnam
726 240 736 314 '.
994 256 1058 331 [ru
1104 237 1113 289 l

135 431 165 481 15
180 418 254 504 Ipse
277 442 379 484 seram
401 422 482 486 vites
504 443 703 506 pangamque
726 443 764 485 ex
786 421 897 486 ordine
920 421 1024 504 colles,

225 503 311 580 Quos
334 510 467 589 carpant
486 505 593 570 nullae
614 528 666 569 me
687 507 842 590 vigilante
863 507 960 570 ferae.

181 587 266 652 Dum
287 590 383 654 modo
405 612 563 673 purpureo
585 595 734 673 spument
754 590 834 654 mihi
854 590 941 654 dolia
959 590 1061 669 musto,

222 672 267 738 Et
286 695 370 737 nova
391 678 570 757 pressantes
592 676 738 758 inquinet
758 697 821 739 uva
840 675 953 759 pedes,

182 757 274 833 Quod
296 763 440 842 superest
458 760 542 823 vitae
564 764 674 843 perte
696 762 729 824 et
748 763 804 822 tua
825 781 945 824 cornua
965 759 1062 839 vivam,

132 856 166 902 ao
221 841 420 927 Virtutisquc
442 847 530 927 tuae,
553 843 693 927 Bacche,
715 849 812 928 poeta
833 845 927 909 ferar.

181 925 294 991 Dicam
316 950 376 1013 ego
398 932 558 993 maternos
579 929 722 994 Aetnaeo
745 929 879 992 fulmine
901 931 1024 1013 partus,

222 1011 335 1075 Indica
355 1013 490 1095 Nysaeis
513 1035 600 1077 arma
623 1013 734 1098 fugata
756 1012 877 1096 choris,

181 1095 407 1180 Vesanumque
428 1119 512 1160 nova
532 1099 725 1181 nequiquam
745 1098 781 1160 in
803 1098 866 1161 vite
883 1096 1069 1183 Lycurgum,

223 1180 384 1245 Pentheos
406 1183 441 1245 in
462 1183 604 1265 triplices
626 1183 739 1247 funera
759 1185 851 1266 grata
872 1203 1003 1266 greges,

133 1278 165 1325 25
181 1263 346 1348 Ourvaque
368 1265 549 1349 Tyrrhenos
572 1266 757 1349 delphinum
779 1267 915 1350 corpere
934 1269 1047 1330 nautas
1111 1290 1113 1351 ι

223 1348 263 1412 In
284 1351 365 1413 vada
387 1351 556 1434 pampinea
578 1351 741 1414 desiluisse
762 1353 845 1433 rate,

180 1433 225 1498 Et
245 1435 304 1498 tibi
326 1458 383 1519 per
403 1435 541 1499 mediam
562 1436 642 1498 bene
665 1436 786 1499 olentia
805 1434 938 1498 flumina
950 1433 1075 1517 Naxon,

224 1517 317 1583 'Vnde
339 1524 430 1583 tuum
451 1523 566 1602 potant
589 1518 693 1584 Naxia
714 1521 808 1583 turba
828 1541 961 1584 merum.

182 1602 325 1668 Candida
346 1604 459 1668 laxatis
483 1608 612 1668 onerato
636 1605 718 1667 colla
741 1604 900 1688 corymbis

133 1700 166 1748 30
224 1685 342 1772 (linget
363 1688 545 1752 Bassaricas
567 1688 667 1770 Lydia
688 1689 783 1752 mitra
804 1709 928 1772 comas,

182 1769 275 1834 Levis
299 1772 430 1836 odorato
454 1773 558 1836 cervix
579 1772 723 1836 manabit
744 1773 844 1855 olivo,

224 1855 268 1918 Et
289 1856 383 1921 feries
404 1857 508 1921 nudos
529 1861 616 1921 veste
637 1858 755 1922 fluente
770 1857 876 1941 pedes.
1063 1904 1066 1909 -

183 1939 294 2004 Mollia
316 1940 468 2006 Dircaeae
490 1942 663 2025 pulsabunt
683 1945 837 2025 tympana
858 1941 1005 2028 Thebae,
1100 1970 1104 1975 ·

67 2098 69 2102 ,
225 2022 417 2110 Capripedes
439 2027 561 2090 calamo
584 2027 686 2091 Panes
708 2025 816 2091 hiante
839 2030 972 2111 canent,

133 2121 166 2171 36
181 2107 308 2174 Vertioc
329 2113 488 2195 turrigero
511 2113 598 2174 iuxta
620 2111 679 2174 dea
698 2132 817 2194 magna
886 2110 967 2176 bebe

225 2193 350 2259 Trmdct
372 2196 411 2258 ad
434 2195 546 2259 Idaeos
569 2195 713 2276 cymbala
733 2216 829 2261 rauca
850 2216 868 2259 c
892 2217 975 2260 oros

181 2277 267 2340 Ante
289 2280 373 2343 fores
393 2280 505 2361 templi
528 2285 629 2342 crater
651 2280 803 2342 antistitis
827 2301 903 2343 auro

226 2360 375 2426 Libatum
397 2363 533 2426 fundens
556 2363 590 2426 in
611 2368 666 2425 tua
687 2385 776 2427 sacra
797 2386 929 2430 memm.

181 2444 271 2511 Haec
283 2470 342 2532 ego
352 2469 420 2511 non
430 2447 543 2510 humili
554 2454 689 2511 referam
700 2442 905 2513 memoranda
914 2450 1081 2536 cothurno,

132 2544 167 2595 4ο
225 2531 334 2607 Qualis
355 2531 525 2597 Pindarico
548 2533 678 2615 spiritus
700 2554 754 2596 ore
776 2536 877 2598 tonat

182 2618 231 2682 Tu
251 2616 346 2680 modo
369 2617 498 2680 servitio
520 2638 656 2682 vacuum
676 2639 728 2680 me
750 2617 827 2681 siste
849 2618 987 2703 superbo

223 2704 330 2786 Atque
352 2700 414 2766 hoc
437 2701 610 2765 sollicitum
631 2702 723 2764 vince
745 2723 859 2785 sopore
882 2707 987 2788 caput

443 2915 557 2990 nvn
585 2855 759 3016 [xuni.

182 3040 317 3106 Clausus
340 3040 379 3103 ab
401 3040 551 3103 umbroso
575 3061 637 3121 qua
658 3039 739 3109 ludit
760 3044 878 3123 pontus
900 3042 1049 3127 Averno,

222 3124 356 3189 Fumida
378 3124 527 3187 Baiarum
551 3127 665 3207 stagna
686 3127 718 3188 te
743 3125 825 3187 entis
848 3146 965 3208 aquae,

182 3209 252 3286 Qua
274 3210 356 3272 iacet
377 3214 409 3272 et
430 3209 544 3271 Troiae
565 3208 696 3273 tubicen
753 3211 861 3272 isenus
883 3230 994 3294 arena,

222 3294 267 3357 Et
289 3299 383 3357 sonat
403 3293 561 3356 Herculeo
585 3296 705 3357 structa
726 3292 834 3357 labore
855 3294 908 3358 via
914 3341 923 3374 ,

153 3377 261 3459 5Hic,
283 3377 353 3458 ubi,
376 3377 519 3440 mortalis
542 3376 650 3441 dextra
673 3399 744 3440 cum
767 3382 931 3461 quaereret
951 3379 1061 3463 urbes,

224 3460 378 3544 Cymbala
400 3461 551 3524 Thebano
574 3483 784 3546 concrepuere
807 3463 881 3527 deo:
1094 3523 1099 3534 ,

181 3547 228 3609 At
247 3566 333 3609 nunc
355 3546 475 3614 invisae
497 3568 614 3630 magno
638 3569 709 3612 cum
732 3547 864 3612 crimine
886 3546 1007 3635 Baiae,
