2280 3998
38 227 59 287 4
434 226 627 282 1110111111
946 230 963 300 [3

144 391 240 456 Nunc
261 389 379 454 furtiva
401 389 486 453 cavis
508 411 603 472 poma
625 389 739 474 dabam
759 391 919 476 manibus,

53 489 86 537 25
102 475 279 558 Omniaque
300 474 428 558 ingrato
451 473 591 558 largibar
612 496 745 537 munera
766 495 892 559 somno,

144 560 278 623 Munera
300 559 338 621 de
359 579 461 642 prono
484 579 577 640 saepe
599 559 708 621 voluta
730 558 817 644 sinu3

102 644 146 708 Et
189 643 319 721 uotiens¹
336 664 407 705 raro
430 641 519 705 duxti
542 643 678 725 suspiria
699 645 799 726 motu,

147 665 408 809 Oir'stupui'tano
431 726 576 790 credulus
599 726 750 809 auspicio,

103 812 216 894 Nequa
236 811 297 874 tibi
317 810 465 875 insolitos
487 813 652 894 portarent
672 810 740 874 visa
760 811 905 897 timores,

54 910 88 960 30
144 895 233 960 Neve
255 895 325 978 quis
347 895 481 958 invit-am
504 897 633 979 cogeret
654 916 721 959 esse
743 917 849 960 suam:

103 979 216 1045 Donec
237 979 377 1044 diversas
398 1000 585 1063 percurrens
607 978 684 1042 luna
704 979 874 1064 fenestrae,

145 1064 236 1128 Luna
257 1066 425 1149 moraturis
447 1062 556 1127 sedula
577 1063 760 1146 luminibus

104 1148 298 1232 Conpositos
320 1147 441 1212 levibus
462 1147 559 1210 radiis
581 1149 732 1230 patefecit
753 1150 882 1216 ocellos,

146 1232 198 1298 Sic
220 1233 266 1295 ait
286 1231 322 1296 in
335 1231 440 1319 1111111
453 1232 516 1294 fixa
536 1236 607 1295 toro
632 1233 787 1296 cubitum:

54 1331 87 1379 ³5
104 1316 264 1381 ‘Tandem
284 1319 317 1380 te
339 1314 611 1397 nostro'referens
632 1316 748 1380 inimic
769 1317 853 1382 lecto

145 1401 288 1464 Alterius
310 1400 425 1464 clausis
447 1400 568 1484 expulit
589 1422 612 1477 e
627 1401 771 1464 foribus?

103 1486 250 1569 Namque
259 1467 313 1548 ulii
321 1485 511 1569 longameae
524 1484 721 1569 consiimpsti
731 1489 877 1570 tempora
887 1494 963 1553 noct

145 1569 329 1653 Languidus
352 1569 479 1650 exactis,
503 1569 532 1632 ei
553 1569 643 1648 mihi,
666 1570 843 1635 sideribus?

104 1655 131 1719 0
153 1655 275 1717 utinam
296 1653 376 1718 tales
398 1653 562 1744 producas,
583 1654 726 1737 inprobe,
748 1660 869 1739 noctes,

55 1753 89 1801 40
145 1738 198 1802 Me
220 1739 368 1803 miseram
391 1738 500 1820 quales
520 1759 645 1821 semper
665 1737 783 1804 habere
804 1741 908 1807 iubes!

104 1823 189 1888 Nam
215 1822 310 1886 modo
337 1844 494 1908 purpureo
516 1822 665 1909 saliebam
687 1825 822 1887 stamine
844 1848 963 1890 somnu:

146 1906 267 1970 Rursus
289 1909 322 1970 et·
343 1907 489 1990 Orpheae
512 1904 650 1971 carriiiire
671 1909 755 1973 fessa
776 1909 878 1991 lyrae:

84 1991 247 2067 Interdum
268 1978 381 2075 leviter
401 1996 534 2058 n'recum.
547 1991 846 2076 desertatquerebar

145 2074 287 2139 Externo
306 2062 423 2160 iongas
445 2098 540 2159 saepe
561 2076 596 2149 in
617 2098 724 2161 amore
746 2099 861 2160 moras,

56 2159 188 2224 1111111
209 2182 261 2223 me
282 2159 427 2224 iocundis
450 2161 689 2260 lapsam'soppr
710 2160 827 2244 inpulit
848 2163 917 2228 alis.

146 2243 207 2308 Illa
228 2244 290 2307 fuit
310 2244 448 2308 lacrimis
470 2244 581 2307 ultinia
603 2267 678 2311 cura
699 2242 802 2309 meis!

482 2459 564 2531 1111.

35 2615 42 2621 -
105 2581 188 2657 Quid
210 2581 381 2673 mihtham,
398 2583 515 2647 multas
537 2582 706 2667 laudande,
728 2583 836 2668 Basse,
858 2588 963 2671 puella

49 2696 54 2707 ·
147 2656 305 2730 Mutatdr‘n
327 2656 456 2731 demina
477 2668 567 2752 cogis
588 2669 676 2732 abire
696 2669 788 2733 mea?

105 2750 188 2828 Quid
208 2773 259 2816 me
281 2774 348 2814 non
368 2753 596 2836 pateris'vitae
615 2741 832 2841 quddcumque
855 2760 963 2838 sequet

105 2872 108 2877 ·
147 2835 219 2901 Hoc
237 2837 344 2920 inagis
366 2837 633 2902 adsuetouucere
655 2839 806 2902 servitio?

77 2907 163 2984 §Tri
179 2904 255 2985 lic'et
277 2921 434 3005 Antiopae
456 2923 592 3007 formam
612 2921 787 3006 Nycteidos
810 2927 842 2987 et
862 2927 897 2987 tu

147 3004 320 3089 Spartanae
341 3008 460 3070 referas
482 3007 627 3070 laudibus
648 3006 850 3090 Hermionae,

105 3091 149 3154 Et
171 3113 384 3175 quascumque
405 3092 480 3154 tulit
501 3091 634 3155 formosi
654 3093 807 3175 temporis
828 3097 928 3158 aetas:

71 3250 74 3259 Ι
151 3174 288 3259 Cynthia
308 3198 376 3240 non
397 3177 468 3240 illas
490 3197 608 3240 nomen
630 3175 747 3240 habere
770 3177 861 3259 sinet,

27 3302 31 3310 ι
106 3259 242 3342 Nedum,
265 3261 293 3323 si
314 3260 436 3325 levibus
457 3261 554 3324 fuerit
576 3261 690 3325 collata
711 3261 831 3345 figuriS,

62 3359 92 3408 10
148 3343 287 3408 Inferior
308 3346 386 3408 duro
408 3344 511 3410 iudice
532 3345 634 3429 turpis
656 3349 716 3410 eat.

106 3429 194 3513 Haec
216 3424 271 3493 sed
291 3429 397 3513 sonna
418 3431 481 3494 mei
502 3453 575 3514 pars
598 3432 647 3493 est
668 3433 807 3494 extrema
827 3431 962 3499 furorist

149 3506 231 3579 Sunt
252 3516 383 3599 maiora,
407 3515 530 3601 quibus,
553 3515 661 3599 Basse,
683 3515 787 3600 perire
808 3516 905 3599 iuvat,
