2392 3990
158 262 237 326 118·
453 266 647 322 Paoeaeru
667 266 775 321 urana
796 264 831 321 v.
1051 264 1125 336 [xe]

220 427 278 495 sat
312 429 371 493 tibi
410 429 477 493 sint
512 428 644 512 noctes,
681 403 833 576 ᾳυειεΐὶἰρ
853 407 935 511 me,
972 424 1096 510 Paulle,
1179 382 1187 519 i

777 533 893 595 aies,
1019 579 1023 584 ,

262 596 455 680 Somniaque
476 598 510 661 in
531 598 646 662 faeiem
668 597 791 661 reddita
819 534 913 680 sgaepe
934 618 1058 661 meam:
1142 615 1145 621 '

218 682 326 766 Atque
347 683 402 746 ubi
425 687 547 767 secretu
568 686 679 759 nostra
700 681 740 745 ad
760 680 929 746 simulacra
949 680 1102 765 loqueris,

241 767 307 853 NVt
327 788 551 859 responsurae)
559 767 686 851 singula
710 767 806 831 verba
826 767 903 830 iaee.

170 862 203 911 85
219 849 282 916 Seu
304 855 412 914 tamen
435 848 600 914 adversum
622 851 754 933 mutarit
774 852 870 914 ianua
891 849 1021 933 lectum,

262 935 386 1000 Sederit
408 938 440 999 et
460 939 571 1000 nostro
595 939 685 999 cauta
706 957 843 999 noverea
863 937 945 1018 t0r0,
963 938 974 968 ²

219 1018 423 1104 Coniugium,
445 1021 551 1104 pueri,
566 1023 587 1102 †
601 1020 727 1083 laudate
742 1024 782 1084 ‘et
796 1021 877 1084 ferte
892 1023 1079 1102 paternum:

262 1103 364 1189 (lapte
386 1104 476 1168 dabit
496 1105 610 1168 vestris
632 1105 775 1169 moribus
797 1104 854 1167 illa
874 1125 1000 1170 manus.
1078 1138 1090 1156 υ
1115 1145 1119 1151 »

219 1188 288 1253 Nee
309 1192 444 1254 matrem
466 1188 592 1253 laudate
614 1189 725 1253 nimis:
748 1188 866 1253 collata
886 1187 987 1272 priori

169 1284 203 1333 90
259 1273 372 1337 Vertet
394 1273 428 1336 in
451 1273 588 1336 offensas
612 1273 713 1336 libera
733 1266 830 1337 verbet
851 1295 933 1337 suas.

219 1357 282 1422 Seu
303 1378 425 1421 memor
446 1357 501 1421 ille
522 1380 594 1421 mea
609 1361 778 1421 contentus
793 1357 949 1422 manserit
970 1359 1086 1424 umbre

261 1441 306 1507 Et
327 1443 411 1504 tanti
433 1442 554 1506 eineres
577 1441 703 1505 duxerit
724 1463 793 1506 esse
815 1463 914 1526 meos,

218 1524 340 1591 Discite
362 1529 529 1590 venturam
550 1526 614 1589 iam
635 1547 721 1591 nune
747 1525 848 1591 lenire
869 1529 1042 1610 senectam,

261 1605 399 1676 caelibis
422 1610 462 1673 ad
484 1631 575 1673 curas
596 1632 657 1674 nee
678 1614 770 1675 vacet
790 1611 857 1675 ulla
877 1612 938 1676 via.

169 1707 202 1756 95
217 1693 310 1772 Quod
341 1693 421 1757 mihi
454 1693 683 1780 detractumst,
722 1699 845 1760 vestros
876 1695 1008 1761 accedat
1036 1696 1077 1761 ad
1153 1710 1157 1719 ’

763 1802 879 1845 annos:

260 1862 354 1927 Prole
375 1884 446 1926 mea
467 1863 614 1927 Paullum
636 1864 681 1927 sie
703 1865 790 1927 iuvet
811 1886 880 1928 esse
902 1885 1033 1932 senem..
1058 1909 1068 1939 ,2

217 1948 262 2012 Et
297 1948 377 2011 bene
413 1947 532 2012 habet:
575 1970 748 2032 numquam
784 1955 888 2013 mater
928 1948 1078 2035 lugubria

763 2056 899 2117 sumpsi:
1035 2102 1042 2111 ,

211 2176 213 2181 ,
261 2117 361 2181 Venit
380 2117 415 2180 in
438 2118 585 2200 exequias
608 2119 678 2181 tota
700 2120 826 2181 caterva
847 2139 942 2184 meas.
1136 2147 1145 2193 t

218 2200 322 2267 (lausa
342 2205 529 2285 peroratast.
551 2201 663 2265 flentes
685 2223 737 2266 me
760 2204 890 2286 surgite,
913 2205 1022 2287 testes,

156 2299 205 2347 100
262 2284 348 2350 Dum
368 2287 508 2370 pretium
530 2286 614 2349 vitae
636 2289 729 2369 grata
749 2287 897 2370 rependit
917 2286 1043 2352 humus.

217 2369 361 2433 Moribus
384 2373 416 2432 et
438 2370 559 2433 eaelum
581 2371 698 2452 patuit:
722 2370 782 2433 sim
805 2370 903 2454 digna
923 2373 1087 2459 merendo,

261 2452 358 2519 Cuius
381 2453 546 2517 honoratis
563 2476 636 2518 ossa
657 2453 814 2518 vehantur
836 2456 914 2520 avis,

539 2711 740 2720 ι--

219 2892 328 2948 Perisse
346 2892 485 2962 quaedam
504 2909 537 2946 ex
546 2892 686 2963 Propertii
696 2892 774 2948 libris
792 2892 861 2948 satis
880 2895 1001 2950 constat:
1020 2914 1116 2966 quam·
1146 2896 1152 2903 “

154 2993 238 3046 quam
259 2978 420 3046 fragmenta
440 2993 512 3047 quae
535 2978 597 3031 tuto
624 2978 714 3046 possis
737 2979 840 3033 referre
863 2979 901 3034 ad
924 2980 1050 3038 earmina
1070 2982 1117 3038 de·

152 3062 265 3132 perdita
281 3079 337 3116 non
356 3064 461 3118 extant.
496 3062 570 3117 Nam
586 3062 728 3131 Fulgentii
744 3081 833 3133 nugas
852 3066 925 3134 [56:3,
944 3072 968 3121 ἵ.
988 3072 1052 3136 564,
1072 3068 1115 3137 27]
1133 3078 1153 3136 ‚¹
1172 3118 1176 3132 ,

152 3162 209 3201 non
226 3162 327 3202 moror.
362 3147 421 3202 Nee
438 3146 468 3200 id
484 3145 598 3212 mirum3
618 3148 750 3216 quoniam
767 3165 823 3205 non
841 3150 931 3206 minus
949 3167 1014 3206 raro
1033 3169 1115 3223 quam

153 3227 257 3285 Tibulli
275 3231 334 3285 eius
352 3232 384 3284 fit
401 3229 505 3284 mentio
525 3231 600 3299 apud
616 3238 734 3289 veteres.

472 3472 785 3486 ·-—-—-———
