2392 3990
123 257 157 332 u]
500 262 608 318 cissa
629 264 676 320 m.
1024 258 1067 324 35

153 423 209 498 Qui
233 428 328 509 caput
351 429 383 490 et
404 425 522 511 digitos
546 429 578 491 et
598 426 719 523 lumina
738 426 833 524 nigra
844 425 978 573 puellae

190 509 235 573 Et
257 513 351 574 canat
372 513 408 574 ut
430 513 555 574 soleant
575 511 715 575 molliter
736 533 781 576 ire
802 532 842 595 pe
866 532 908 575 es.

472 725 545 798 rm
571 726 698 819 [uun

150 847 223 957 Nop
239 851 296 946 ‘tot
318 848 541 913 Achaemeniis
564 853 725 913 armantur
748 849 828 914 Susa
850 850 989 934 sagittis,

150 934 1025 1102 aillddtdlglliil?vdit-tiridaldffliuss‚

189 1101 289 1166 Iussit
311 1106 343 1166 et
365 1102 539 1166 Ascraeum
561 1102 607 1166 sic
628 1102 772 1167 habitare
793 1123 919 1184 nemus,

147 1185 223 1250 Non
245 1190 282 1249 ut
303 1186 425 1250 Pieriae
447 1208 580 1269 quercus
602 1209 673 1250 mea
694 1188 796 1251 verba
812 1189 997 1270 sequantur,
1050 1198 1067 1250 ὁ

188 1272 257 1334 Aut
278 1271 399 1354 possim
421 1271 555 1334 lsmaria
576 1271 690 1335 ducere
711 1272 793 1336 valle
814 1271 914 1354 feras,

149 1354 210 1420 Sed
233 1355 335 1439 magis
357 1358 394 1418 ut
414 1359 524 1419 nostro
547 1356 696 1439 stupefiat
718 1354 856 1437 Cynthia
877 1377 984 1420 versu:

190 1438 281 1503 Tunc
304 1461 363 1524 ego
387 1440 447 1503 sim
469 1439 601 1504 Inachio
625 1440 732 1504 notior
754 1443 821 1504 arte
843 1439 934 1503 Lino.

147 1522 224 1588 Non
247 1544 307 1608 ego
330 1546 401 1588 sum
421 1524 543 1588 formae
565 1527 690 1588 tantum
712 1525 844 1588 mirator
865 1525 1033 1608 honestae,

190 1607 259 1672 Nec
282 1609 374 1691 siqua
395 1609 543 1673 inlustres
566 1609 687 1673 femina
707 1609 805 1673 iactat
825 1629 918 1673 avos:
1036 1622 1069 1671 ιο

147 1692 201 1756 Ma
223 1693 310 1756 iuvet
330 1693 365 1756 in
386 1694 509 1776 gremio
532 1693 644 1757 doctae
666 1694 783 1778 legisse
805 1693 944 1776 puellae,

191 1777 331 1840 Auribus
354 1780 386 1841 et
406 1779 493 1860 puris
516 1778 635 1861 scripta
656 1778 808 1860 probasse
829 1798 911 1842 mea.

148 1860 238 1925 Haec
259 1861 314 1925 ubi
337 1862 546 1946 contigerint,
568 1862 680 1945 populi
702 1862 835 1926 confusa
855 1861 961 1926 valeto

190 1945 327 2010 Fabula:
350 1968 426 2010 nam
448 1946 578 2009 domina
598 1946 701 2009 iudice
723 1948 812 2010 tutus
835 1967 900 2009 erc.

149 2029 237 2106 Quae
260 2031 286 2093 si
308 2029 392 2093 forte
414 2030 514 2094 bonas
537 2030 577 2093 ad
598 2051 710 2112 pacem
731 2030 862 2094 verterit
882 2051 995 2113 aures,
1036 2042 1069 2094 ts

191 2114 328 2179 Possum
350 2114 534 2178 inimicitias
556 2119 633 2178 tunc
656 2135 715 2199 ego
738 2113 821 2178 ferre
842 2112 938 2180 Iovis.

569 2329 610 2402 V.

150 2454 419 2538 Quandocumque
431 2455 530 2539 igitur
540 2456 669 2517 nostros
681 2474 767 2517 mors
779 2453 904 2518 claudet
916 2452 1048 2537 ocellos,

191 2540 311 2622 Accipe
334 2561 414 2622 quae
437 2560 542 2602 serves
564 2538 685 2601 funeris
708 2541 778 2601 acta
799 2538 871 2602 mei.

149 2622 218 2689 Nec
239 2646 310 2687 mea
331 2627 408 2687 tunc
430 2624 528 2707 longa
550 2623 704 2705 spatietur
726 2623 866 2706 imagine
887 2643 1019 2706 pompa,

190 2707 260 2773 Nec
282 2709 359 2771 tuba
382 2709 424 2770 sit
445 2708 504 2770 fati
526 2729 608 2770 vana
630 2706 757 2788 querela
779 2708 856 2789 mei,
1035 2719 1069 2769 20

123 2792 221 2857 tNec
242 2792 322 2855 mihi
343 2796 421 2855 tunc
443 2791 545 2855 fulcro
568 2794 728 2854 sternatur
749 2791 849 2854 lectus
872 2791 1008 2874 eburno,

193 2875 262 2941 Nec
285 2878 327 2940 sit
349 2877 383 2939 in
405 2876 545 2940 Attalico
569 2896 655 2938 mors
677 2896 748 2938 mea
768 2875 844 2938 nixa
864 2878 945 2939 toro.

150 2960 243 3024 Desit
266 2961 434 3024 odoriferis
457 2960 534 3023 ordo
557 2959 636 3023 mihi
658 2959 801 3022 lancibus
808 3008 817 3041 ,
842 2958 949 3023 adsint

192 3044 303 3109 Plebei
325 3065 440 3129 parvae
461 3044 582 3107 funeris
605 3043 763 3126 exequiae.

152 3128 208 3194 Sat
223 3151 294 3192 mea
309 3134 358 3192 sat
373 3131 534 3212 magnast,
551 3127 578 3191 si
593 3131 659 3191 tres
674 3127 739 3190 sint
752 3147 872 3211 pompa
885 3128 996 3212 libelli,
1035 3141 1069 3190 25

112 3231 142 3276 10
197 3214 284 3288 Quos
306 3235 366 3297 ego
389 3211 612 3296 Persephonae
634 3211 771 3275 maxima
792 3211 876 3275 dona
897 3213 1007 3277 feram.

151 3297 199 3363 Tu
222 3319 295 3361 vero
317 3297 437 3361 nudum
460 3301 571 3379 pectus
592 3296 729 3361 lacerata
750 3297 904 3378 sequeris,

193 3381 263 3448 Neo
285 3382 382 3446 fueris
404 3403 522 3445 nomen
545 3381 629 3444 lassa
651 3402 761 3444 vocare
782 3402 902 3463 meum,

153 3467 331 3550 Osculaque
353 3466 387 3528 in
409 3466 523 3550 gelidis
545 3487 645 3549 pones
669 3487 815 3547 suprema
836 3465 975 3549 labellis,

196 3551 276 3618 Cum
299 3550 424 3614 dabitur
446 3549 537 3633 Syrio
560 3570 690 3614 munere
712 3550 824 3632 plenus
848 3570 941 3632 onyx.
1036 3563 1071 3613 to

907 3651 921 3682 Ὀ

887 3657 904 3704 3
