2392 3990
72 174 75 195 ι
118 222 225 294 ΧΧΙΠ.]
503 222 612 276 LIBER
633 223 695 278 1111.
749 304 751 306 V

117 385 232 450 Omnia
253 386 416 450 Romanae
438 385 553 469 cedent
573 385 725 450 miracula
746 388 864 449 terrae:

156 470 279 535 Natura
299 471 353 534 hio
374 470 495 553 posuit,
519 470 671 554 quidquid
692 470 809 553 ubique
830 471 898 533 fuit.

116 555 223 618 Armis
245 559 319 637 apta
340 555 443 638 magis
464 555 575 633 tellus,
599 577 694 638 quam
717 555 883 618 commoda
904 575 1020 617 noxae:

156 640 311 721 Famam,
326 639 444 721 Roma,
466 642 539 703 tuae
560 661 628 703 non
649 640 748 723 pudet
768 639 929 702 historiae.
1045 652 1078 698 ‘20

115 723 198 788 Nam
221 728 374 806 quantum
395 724 495 803 ferro,
518 727 644 787 tantum
666 725 784 806 pietate
809 726 957 807 potentes

157 807 298 872 Stamus:
321 809 466 872 victrices
489 812 645 891 temperat
666 810 715 871 ira
735 829 860 871 manus.

115 891 177 956 Hic
198 893 284 956 Anio
308 892 449 956 Tiburne
470 893 556 976 fluis,
580 891 761 959 Clitumnus
783 893 823 955 ab
844 891 966 956 Vmbro

156 977 312 1059 Tramite,
336 982 368 1040 et
389 981 553 1040 aeternum
575 976 713 1040 Marcius
734 997 827 1040 umor
849 998 945 1059 opus,

115 1061 259 1124 Albanus
281 1062 368 1124 lacus
392 1065 424 1125 et
446 1062 532 1125 socia
552 1061 760 1125 Nemorensis
782 1062 822 1125 ab
845 1060 944 1141 unda,
1045 1073 1077 1120 25

155 1145 298 1229 Potaque
320 1145 460 1209 Pollucis
482 1146 614 1229 lympha
635 1146 770 1209 salubris
793 1167 883 1228 equo.
1167 1145 1169 1149 ⁴

113 1231 160 1293 At
181 1251 248 1293 non
270 1251 438 1312 squamoso
461 1230 611 1293 labuntur
632 1235 742 1293 ventre
765 1233 919 1312 cerastae,

155 1314 238 1377 Itala
259 1315 416 1398 portentis
438 1337 498 1377 nec
519 1315 589 1377 fluit
610 1316 695 1378 unda
716 1315 822 1396 novis,
884 1372 886 1377 .

114 1398 191 1463 Non
204 1400 258 1462 hic
272 1399 495 1462 Andromedae
509 1403 664 1462 resonant
677 1420 736 1482 pro
751 1402 854 1462 matre
870 1401 1014 1479 catenae,

139 1483 226 1547 ·Neo
247 1484 358 1546 tremis
380 1484 555 1566 Ausonias,
578 1483 706 1547 Phoebe
728 1484 853 1568 fugate,
877 1482 990 1566 dapes,
1045 1494 1078 1541 30

114 1567 184 1634 Nec
208 1569 354 1650 cuiquam
376 1569 523 1632 absentes
546 1571 693 1631 arserunt
714 1568 749 1630 in
771 1569 867 1650 caput
887 1567 979 1652 ignes

156 1653 300 1716 Exitium
320 1656 397 1715 nato
419 1657 521 1715 matre
543 1656 691 1715 movente
713 1674 786 1734 suo,

114 1735 258 1800 Penthea
278 1757 344 1799 non
368 1758 478 1800 saevae
500 1739 656 1799 venantur
677 1737 712 1799 in
733 1737 845 1800 arbore
866 1734 1026 1818 Bacchae,

156 1820 226 1886 Nec
249 1821 346 1884 solvit
365 1821 493 1884 Danaas
516 1821 643 1884 subdita
665 1842 758 1884 cerva
779 1824 877 1902 rates,
924 1900 928 1906 ¹

114 1905 244 1970 Cornua
264 1927 325 1968 nec
346 1906 447 1969 valuit
468 1927 597 1970 curvare
619 1905 654 1967 in
675 1905 776 1988 pelice
798 1906 878 1968 luno
1045 1915 1078 1963 ³5

157 1991 225 2053 Aut
245 1989 361 2052 faciem
382 1989 680 2112 turpissdedecorare
702 1989 798 2110 bove,

112 2136 347 2240 Arboreasque¹
361 2180 469 2222 cruces
493 2122 633 2222 Sinissset
653 2179 721 2221 non
742 2157 871 2239 hospita
895 2157 986 2221 Grais

76 2272 79 2279 ·
158 2242 241 2307 Saxa
263 2248 295 2305 et
316 2248 460 2306 curvatas
482 2243 517 2306 in
539 2265 596 2306 sua
616 2243 683 2306 fata
703 2242 820 2304 trabes.

113 2327 204 2391 Haeo
231 2327 306 2405 tibi,
335 2327 441 2409 Tulle,
469 2349 599 2410 parens,
628 2327 706 2391 haec
736 2329 785 2473 esdt
810 2324 1022 2409 pulcherrima

725 2433 758 2474 se
781 2432 814 2475 es

157 2495 221 2559 Hic
242 2496 302 2558 libi
324 2517 382 2578 pro
406 2495 504 2579 digna
525 2501 621 2579 gente
644 2496 799 2578 petendus
820 2459 939 2576 honos,
1047 2506 1079 2554 4ο

114 2580 179 2645 Hic
199 2580 259 2643 tibi
281 2579 321 2642 ad
344 2581 504 2663 eloquium
526 2581 610 2644 cives
617 2629 626 2662 ,
648 2579 701 2644 hic
723 2580 830 2663 ampla
851 2583 1003 2662 nepotum

159 2664 237 2748 Spes
261 2668 294 2728 et
315 2667 465 2728 venturae
488 2665 634 2748 coniugis
657 2668 749 2748 aptus
772 2686 870 2728 amor.

534 2877 666 2951 XXIII.

114 3002 204 3084 Ergo
227 3006 294 3065 tam
317 3001 428 3065 doctae
449 3000 544 3064 nobis
566 3001 687 3084 periere
709 3001 859 3083 tabellae,

160 3087 285 3171 Scripta
307 3086 420 3168 quibus
443 3086 561 3168 pariter
583 3088 633 3149 tot
654 3086 776 3167 periere
798 3085 892 3158 bona,

116 3171 184 3236 Has
207 3171 367 3255 quondam
388 3170 507 3233 nostris
529 3170 674 3233 manibus
697 3169 868 3233 detriverat
889 3192 979 3254 usus,

159 3256 220 3331 Qui
241 3277 308 3319 non
330 3255 471 3336 signatas
494 3254 587 3318 iussit
607 3255 724 3318 habere
745 3253 849 3317 fidem.

117 3341 195 3406 Illae
218 3342 281 3403 iam
303 3341 372 3403 sine
394 3360 445 3403 me
467 3343 584 3402 norant
605 3340 731 3421 placare
752 3339 874 3421 puellas
1062 3350 1080 3401 5

159 3426 203 3488 Et
225 3425 377 3507 quaedam
400 3425 467 3487 sine
490 3445 541 3486 me
562 3423 659 3486 verba
681 3424 797 3486 diserta
819 3422 916 3506 loqui.
1005 3484 1010 3490 .

116 3509 190 3574 Non
215 3510 285 3573 illas
307 3511 405 3573 fixum
428 3530 516 3572 caras
539 3508 685 3573 effecerat
706 3530 833 3573 aurum:
