2392 3990
10 238 26 292 1
68 219 140 293 uu]
440 224 548 279 urana
568 225 631 281 1111.
980 222 1019 286 73

66 380 86 444 Τ
142 386 205 467 est,
221 386 304 468 quod
318 407 473 470 nequeas,
489 388 586 472 capiti
602 387 790 451 conmittere
804 387 931 472 pondus
1003 401 1018 449 5

125 472 140 532 t
160 491 306 553 pressum
326 471 443 535 inflexo
465 492 540 535 mox
563 472 637 536 dare
659 475 751 557 terga
773 494 868 558 genu.

65 549 171 616 Omnia
191 575 259 617 non
279 556 399 638 pariter
420 577 527 619 rerum
550 561 625 619 sunt
647 557 794 620 omnibus
817 560 907 640 apta,

97 636 194 701 Fama
215 661 274 703 nec
297 662 336 703 ex
357 661 458 723 aequo
481 641 606 704 ducitur
627 641 694 704 ulla
715 642 800 726 iugo.

63 718 166 785 Gloria
187 722 361 807 Lysippost
382 724 525 789 animosa
547 726 700 809 effingere
722 725 831 810 signa,

96 806 224 871 Exactis
248 807 386 872 Calamis
409 830 443 872 se
465 809 544 872 mihi
565 810 663 873 iactat
684 811 790 893 equis,
988 825 1019 871 10

59 887 94 954 ln
112 890 248 956 Veneris
270 893 380 957 tabula
401 915 559 958 summam
580 894 642 957 sibi
663 896 757 978 ponit
777 895 924 978 Apelles,

96 975 282 1040 Parrhasius
304 1000 400 1060 parva
421 979 564 1042 vindicat
585 981 653 1047 arte
676 979 797 1062 locum,

57 1059 256 1144 Argumenta
276 1062 379 1147 magis
403 1067 478 1126 sunt
499 1062 655 1127 Mentoris
678 1062 784 1126 addita
805 1062 943 1145 formae,

97 1149 141 1208 At
162 1144 255 1229 Myos
277 1147 427 1231 exiguum
448 1147 549 1211 flectit
570 1147 723 1210 acanthus
745 1148 822 1229 iter,

54 1223 223 1293 Phidiacus
246 1231 339 1315 signo
362 1251 396 1294 sc
416 1230 561 1315 Iuppiter
582 1236 676 1295 ornat
697 1232 831 1314 eburno,
988 1244 1018 1292 15

96 1313 278 1378 Praxitelen
300 1315 429 1398 propria
450 1316 593 1380 vindicat
613 1316 692 1380 urbe
714 1317 804 1398 lapis

55 1392 114 1461 Est
136 1399 250 1482 quibus
272 1399 369 1463 Eleae
392 1401 555 1465 concurrit
574 1401 682 1485 palma
704 1401 891 1486 quadrigae,

10 1532 12 1545 .
96 1481 157 1546 Est
178 1484 292 1566 quibus
314 1484 349 1546 in
371 1485 488 1548 celeres
510 1485 614 1570 gloria
634 1488 712 1548 nata
732 1485 843 1569 pedes3

10 1586 12 1593 ·
56 1559 116 1630 Hic
139 1571 226 1632 satus
248 1568 287 1631 ad
309 1590 435 1652 pacem,
457 1568 510 1633 hic
533 1570 746 1634 castrensibus
767 1570 855 1633 utilis
877 1569 989 1632 armis:

96 1651 237 1716 Naturae
259 1653 402 1735 sequitur
424 1655 546 1717 semina
568 1655 700 1738 quisque
723 1676 807 1718 suae.
986 1667 1019 1714 20

63 1735 191 1818 Attae,
214 1736 398 1819 Messenae,
420 1739 504 1801 vitae
525 1744 695 1822 praecepta
716 1740 837 1822 recepi,

97 1818 205 1905 Cogor
227 1825 259 1884 et
280 1823 433 1905 exemplis
455 1826 488 1886 te
510 1845 658 1906 superare
680 1825 753 1886 tuis,

61 1899 137 1967 Cum
159 1905 220 1968 tibi
241 1905 387 1969 Romano
411 1907 554 1970 dominas
577 1908 753 1971 inhonore
775 1928 900 1971 secures

97 1989 142 2052 Et
163 1989 259 2054 liceat
280 1990 385 2054 medio
407 2013 526 2075 ponere
548 1992 617 2054 iura
638 1993 723 2070 foro,

60 2069 115 2136 Vel
136 2074 197 2136 tibi
218 2073 386 2138 Medorum
407 2096 569 2160 pugnaces
591 2076 637 2139 ire
658 2097 716 2158 per
736 2076 758 2138 h
780 2078 844 2138 stas
986 2088 1019 2137 25

26 2207 32 2231 .
96 2159 203 2240 Atque
226 2180 357 2223 onerare
379 2162 467 2223 tuam
488 2160 551 2222 fixa
571 2181 629 2242 per
651 2181 739 2222 arma
760 2099 905 2243 Comum,

58 2239 98 2304 llt
117 2243 177 2305 tibi
200 2243 239 2306 ad
262 2243 409 2307 effectum
431 2245 514 2308 vires
536 2245 590 2308 det
612 2243 730 2309 Caesar
751 2247 785 2308 et
805 2245 893 2307 omni

96 2326 253 2410 Tempore
275 2330 342 2391 tam
364 2328 475 2392 faciles
497 2329 702 2393 insinuentur
723 2349 815 2411 opes,

56 2407 162 2474 Parcis
186 2415 218 2474 et
239 2412 273 2474 in
295 2417 406 2476 tenues
428 2412 581 2476 humilem
603 2417 635 2476 te
657 2413 783 2496 colligis
805 2413 949 2476 umbras:

95 2493 249 2558 Velorum
271 2498 383 2578 plenos
405 2497 564 2560 subtrahis
586 2499 654 2580 ipse
677 2497 776 2561 sinus.
987 2511 1020 2559 ³0

55 2577 155 2643 Crede
177 2580 272 2661 mihi,
295 2602 429 2664 magnos
452 2581 633 2664 aequabunt
654 2583 717 2645 ista
740 2580 892 2645 Camillos

96 2663 218 2728 Iudicia
241 2670 274 2728 et
294 2666 402 2728 venies
424 2668 459 2728 tu
482 2687 606 2749 quoque
628 2666 663 2728 in
685 2687 742 2729 ora
764 2666 881 2748 virum,

54 2747 199 2813 Caesaris
222 2752 254 2812 et
275 2749 378 2813 famae
400 2749 537 2834 vestigia
559 2750 667 2813 iuncta
688 2750 825 2813 tenebis:

94 2832 290 2897 Maecenatis
313 2837 407 2897 erunt
428 2856 502 2897 vera
522 2838 656 2917 tropaea
675 2835 763 2899 fides.

53 2916 129 2981 Non
152 2939 213 3002 ego
237 2918 366 2982 velifera
386 2919 543 2982 tumidum
564 2940 651 2982 mare
672 2919 759 2982 findo
782 2917 904 2982 carina:
987 2931 1019 2982 35

96 3002 181 3065 Tuta
204 3003 262 3065 sub
286 3003 401 3086 exiguo
424 3003 554 3066 flumine
576 3005 687 3066 nostra
708 3005 837 3066 morast.

54 3083 129 3151 Non
150 3086 233 3150 flebo
256 3087 291 3150 in
312 3088 434 3150 cineres
457 3109 561 3151 arcem
585 3087 705 3151 sedisse
727 3091 878 3170 paternos

96 3169 208 3235 Cadmi
230 3192 290 3234 nec
313 3175 434 3254 septem
457 3172 578 3255 proelia
599 3171 688 3236 clade
709 3173 793 3255 pari,

54 3253 85 3318 N
88 3276 124 3318 ec
147 3256 282 3319 referam
306 3255 421 3320 Scaeas
444 3260 476 3320 et
496 3256 653 3341 Pergama
674 3256 837 3340 Apollinis
859 3277 961 3341 arces,

94 3339 139 3402 Et
160 3338 307 3402 Danaum
331 3340 453 3404 decimo
476 3363 548 3405 vere
570 3342 689 3406 redisse
711 3346 810 3423 rates,
986 3353 1018 3404 40

54 3421 181 3487 Moenia
202 3446 274 3487 oum
298 3424 395 3488 Graio
417 3424 580 3506 Neptunia
602 3427 718 3508 pressit
740 3429 844 3489 aratro

116 3507 228 3571 Victor
249 3508 411 3572 Palladiae
433 3510 559 3594 ligneus
581 3511 658 3573 artis
681 3532 789 3594 equus.
