2392 3990
65 113 109 183 [1.]
451 113 559 167 amm
580 113 613 167 1.

67 271 132 338 Nee
152 274 241 338 rudis
262 275 388 339 infestis
410 276 502 339 miles
524 271 668 338 radiabat
690 275 724 339 in
747 274 858 340 armis:

105 358 284 423 Miscebant
304 363 375 422 usta
396 360 517 443 proelia
538 359 625 423 nuda
647 361 732 424 sude.

69 438 170 506 Prima
191 444 344 527 galeritus
367 445 474 527 posuit
495 444 657 528 praetoria
678 444 840 529 Lygmon‚

106 527 286 611 Magnaque
308 551 382 611 pars
405 527 495 592 Tatio
518 550 623 592 rerum
646 535 714 592 1111
736 528 821 593 inter
844 552 928 594 oves.
993 543 1027 591 30

70 607 148 675 Hine
171 612 294 675 Titiens
317 613 518 696 Ramnesque
540 614 601 676 viri
622 613 821 696 Luceresque
844 615 961 695 coloni,

106 695 248 771 Quatuor
269 696 344 761 hine
366 698 454 819 allqos
476 697 629 787 Romulus
652 699 720 819 qgit
741 719 847 781 equos.

10 844 20 898 l
71 862 188 950 Quippe
210 866 408 931 suburbanae
430 831 655 951 parva*minus
677 867 755 932 urbe
776 844 930 932 Borillae‘

104 950 211 1034 Atque
233 951 279 1014 ibi
301 951 437 1015 Fidenas
459 953 558 1037 longa
579 957 647 1017 erat
667 953 730 1016 isse
753 954 811 1016 via.
993 967 1026 1015 36

71 1030 108 1096 Et
129 1035 220 1099 stetit
240 1036 325 1099 Alba
345 1040 471 1119 potens,
495 1037 586 1101 albae
610 1038 674 1101 suis
696 1039 802 1100 omine
824 1041 914 1118 nata,
994 1052 1026 1099 35

104 1117 163 1201 Et,
186 1120 241 1202 qui
262 1142 348 1184 nuno
370 1121 465 1203 nulli,
488 1122 626 1185 maxima
646 1122 741 1185 turba
763 1121 855 1186 Gabi.
993 1136 1027 1183 34

70 1199 120 1268 Nil
141 1205 281 1287 patrium
302 1205 365 1268 nisi
387 1204 505 1270 nemen
526 1205 623 1270 habet
636 1206 800 1269 Romanus
823 1206 983 1271 alumnus:

107 1286 280 1373 Sanguinis
302 1289 446 1353 altricem
466 1312 534 1354 non
547 1291 645 1375 pudet
667 1312 735 1354 esse
757 1292 873 1373 lupam.
1001 1319 1003 1322 ’

69 1368 136 1435 Η111
157 1373 270 1437 melius
292 1375 445 1458 profugos
466 1376 598 1458 misisti,
622 1376 731 1457 Troia,
754 1383 898 1459 penates.

105 1455 159 1520 En
180 1458 267 1540 quali
288 1462 411 1524 iectast
431 1460 579 1523 Dardana
599 1461 715 1544 puppis
739 1463 809 1524 ave!
993 1475 1027 1522 40

68 1538 133 1604 Iam
154 1540 235 1605 bene
258 1542 461 1626 spondebant
481 1547 558 1608 tuno
581 1547 706 1626 omina,
730 1545 814 1628 quod
835 1545 917 1610 nihil
939 1545 1027 1610 illam

106 1624 257 1690 Laeserat
278 1627 407 1711 abiegni
429 1631 540 1692 venter
562 1634 690 1712 apertus
713 1631 801 1712 equi,

66 1708 147 1775 011111
167 1713 258 1794 pater
280 1712 314 1773 in
336 1712 404 1774 nati
424 1713 710 1796 trepidusoe'rviee
732 1715 898 1797 pependit,

106 1793 151 1858 Et
172 1796 304 1859 veritast
325 1818 451 1860 umeros
473 1818 563 1860 urere
585 1798 713 1860 flamma
734 1799 815 1881 pios.

65 1877 156 1944 'lunc
177 1881 276 1943 animi
297 1902 412 1944 venere
428 1880 507 1944 Deci
528 1880 682 1964 Brutique
705 1903 841 1965 secures,
995 1896 1029 1946 45

107 1962 204 2028 Vexit
226 1968 258 2029 et
279 1965 350 2048 ipsa
372 1967 420 2029 sui
444 1964 588 2029 Caesaris
611 1987 698 2028 arma
720 1966 844 2045 Venus,

64 2049 166 2114 Arma
187 2050 385 2133 resurgentis
406 2053 538 2133 portans
560 2050 702 2114 victricia
723 2049 855 2116 Troiae:

108 2132 199 2196 Felix
222 2137 307 2196 terra
328 2139 401 2197 tuos
424 2136 523 2218 oepit,
547 2134 631 2214 Iule,
657 2136 747 2219 deos3

64 2217 100 2283 Si
123 2218 217 2280 modo
240 2219 409 2282 Avernalis
432 2220 587 2283 tremulae
610 2220 734 2284 eortina
756 2218 896 2304 Sibyllae

108 2300 200 2365 Dixit
222 2303 383 2366 Aventino
406 2326 480 2366 rura
501 2305 618 2386 pianda
639 2304 755 2385 Remo,
997 2316 1030 2367 50
1112 2337 1114 2346 ·

64 2387 134 2452 Aut
155 2387 183 2449 si
204 2386 396 2471 Pergameae
419 2409 488 2451 sero
511 2391 582 2451 rata
604 2390 744 2453 earmina
765 2391 846 2453 vatis
946 2454 954 2473 ,

108 2469 314 2554 Longaevum
336 2472 376 2534 ad
399 2471 517 2535 Priami
539 2495 614 2536 vera
635 2474 724 2536 fuere
746 2478 857 2557 eaput:

66 2554 207 2618 ‘Dicamt
230 2554 327 2618 Troia
349 2556 452 2639 cades,
477 2560 508 2620 et
530 2556 645 2620 Trolea
666 2557 769 2620 Roma
795 2581 953 2644 resurges,
998 2572 1029 2620 87

109 2639 154 2703 Et
174 2641 270 2702 maris
293 2645 326 2702 et
345 2644 449 2704 terrae
472 2642 570 2724 longa
592 2642 758 2724 sepulchra
780 2665 899 2707 canam.
999 2657 1031 2704 81

65 2722 191 2788 Vertite
214 2745 343 2806 equum,
365 2724 485 2789 Danai!
507 2726 590 2789 male
612 2727 756 2789 vineitis:
779 2726 839 2790 llia
859 2729 954 2791 tellus

108 2807 218 2890 Vivet,
242 2812 274 2871 et
293 2808 367 2872 huie
390 2810 489 2873 eineri
511 2809 655 2892 Iuppiter
678 2833 765 2873 arma
787 2812 896 2876 dabit?

67 2892 199 2975 Optima
220 2893 382 2956 nutricum
404 2895 521 2958 nostris
545 2895 620 2976 lupa
634 2894 752 2957 Martia
773 2895 877 2978 rebus,
1000 2909 1032 2958 11

110 2975 223 3051 Qualia
246 2981 413 3040 creverunt
433 2979 561 3042 moenia
584 2980 664 3042 laete
686 2980 754 3042 tuo!

68 3059 200 3124 Munere
215 3083 351 3143 namque
374 3063 427 3144 pio
450 3084 547 3126 eonor
569 3064 737 3146 disponere
752 3085 877 3127 versus:

109 3144 150 3209 Ei
171 3145 267 3226 mihi,
284 3147 368 3227 quod
390 3150 530 3210 nostrost
551 3170 667 3231 parvus
689 3148 725 3211 in
747 3169 800 3212 ore
822 3152 931 3214 sonus!

70 3228 131 3294 Sed
153 3232 261 3293 tamen
285 3231 400 3314 exiguo
424 3230 643 3314 quodcumque
666 3253 683 3296 e
704 3235 832 3315 pectore
853 3233 914 3296 rivi

111 3312 268 3395 Fluxerit,
293 3314 353 3378 hoo
367 3315 497 3398 patriae
520 3317 637 3379 serviet
658 3337 752 3380 omne
774 3339 872 3382 meae.
1002 3331 1035 3379 60

69 3396 195 3462 Ennius
216 3398 341 3463 hirsuta
363 3400 471 3484 cingat
493 3400 692 3479 1111111111
714 3421 845 3466 corona:
