2392 3990
60 229 147 299 viu]
459 229 568 282 urana
588 229 622 284 v.
965 222 1024 286 109

102 388 244 453 Narrant
264 387 417 453 historiae
439 389 569 453 foedera
589 393 668 455 nota
689 413 779 457 suaet

58 474 148 539 Haec
170 496 228 537 sua
249 474 402 537 maternis
424 475 567 556 queritur
588 476 685 539 livere
708 474 829 540 catenis
992 489 1024 537 55

101 557 239 622 Brachia
260 579 320 621 nec
341 558 470 621 meritas
492 558 610 642 frigida
631 581 708 623 saxa
728 580 857 624 manus=

58 642 179 709 Narrat
198 641 427 726 Hypermestre
449 664 604 727 magnum
625 664 718 708 ausas
741 665 809 709 esse
831 664 972 726 sorores,

101 726 142 791 In
165 726 268 790 scelus
289 724 352 789 hoc
373 727 515 790 animum
536 747 604 790 non
625 728 762 792 valuisse
785 750 887 793 suum.

59 810 114 876 Sic
137 811 251 874 mortis
272 810 411 874 lacrimis
432 811 517 875 vitae
538 833 688 875 sanamus
711 834 851 877 amores:

102 895 180 960 Celo
203 915 263 980 ego
285 894 436 979 perfidiae
458 895 707 960 criminamulta
727 901 810 961 tuae.
992 909 1026 959 το

59 977 124 1046 sed
145 979 205 1043 tihi
226 1001 312 1043 nunc
333 979 484 1043 mandata
505 979 626 1062 damus,
649 981 677 1044 si
698 981 782 1046 forte
803 980 958 1065 moveris,

103 1062 138 1128 Si
159 1066 192 1128 te
213 1084 280 1127 non
301 1066 406 1127 totum
428 1063 597 1129 Chloridos
618 1065 717 1129 herba
738 1069 842 1132 tenet:

58 1147 178 1214 Nutrix
200 1147 235 1211 in
255 1149 401 1211 tremulis
416 1148 534 1231 nequid
549 1148 709 1214 desideret
728 1151 821 1214 annis

102 1229 288 1297 Parthenia:
310 1233 430 1316 patuit,
451 1254 512 1297 nec
532 1234 593 1298 tibi
615 1255 709 1298 avara
730 1235 801 1298 fuit.

59 1316 264 1400 Deliciaeque
285 1337 374 1381 meae
395 1315 510 1399 Latris,
534 1319 585 1382 cui
606 1340 724 1382 nomen
746 1319 786 1382 ab
807 1322 908 1401 usust,
994 1329 1028 1380 ‘15

101 1400 154 1467 Ne
176 1400 340 1484 speculum
361 1401 509 1465 dominae
530 1404 675 1488 porrigat
695 1403 752 1467 illa
765 1425 875 1468 novae.

59 1485 105 1550 Et
126 1505 342 1569 quoscumque
363 1507 434 1549 meo
457 1486 563 1550 fecisti
583 1487 715 1551 nomine
736 1509 860 1571 versus,

103 1569 169 1634 Vre
190 1570 287 1634 mihi:
309 1570 418 1634 laudes
440 1571 548 1635 desine
570 1571 687 1636 habere
707 1594 804 1636 meas.

59 1654 150 1720 Pelle
164 1652 314 1729 hederam
328 1655 462 1737 tumulo,
477 1655 558 1720 mihi
569 1677 649 1738 quae
660 1662 827 1741 pugnante
842 1657 992 1740 corymbo

104 1738 216 1802 Mollia
238 1740 394 1803 contortis
417 1739 538 1823 adligat
559 1760 632 1804 ossa
653 1741 763 1806 comis.
994 1753 1028 1802 80

60 1823 209 1889 Pomosis
231 1824 318 1887 Anio
341 1844 404 1907 qua
425 1824 579 1907 spumifer
593 1825 725 1889 incubat
746 1827 839 1909 arvis,

104 1908 149 1971 Et
168 1928 343 1991 numquam
364 1907 523 1972 Herculeo
545 1910 676 1973 numine
698 1911 798 1992 pallet
820 1910 907 1992 ebur,

61 1992 126 2057 Hic
149 2013 278 2056 carmen
298 1992 404 2056 media
426 1992 559 2077 dignum
580 2014 632 2057 me
654 1994 757 2058 scribe
779 1994 942 2074 columna,

105 2075 168 2142 Sed
188 2076 294 2156 breve,
316 2077 402 2160 quod
423 2097 553 2141 currens
575 2080 685 2141 vector
706 2078 746 2141 ab
767 2078 846 2141 urbe
868 2079 971 2163 legat:

62 2161 138 2226 ‘Hic
159 2158 328 2224 Tiburtina
349 2161 433 2224 iacet
454 2183 549 2226 aurea
564 2161 702 2245 Cynthia
722 2165 821 2227 terra:
995 2176 1028 2224 85

104 2245 252 2309 Accessit
272 2245 361 2329 ripae
384 2246 463 2328 laus,
486 2247 621 2330 Aniene,
643 2250 739 2310 tuae.'

61 2329 131 2395 Nec
152 2332 189 2394 tu
210 2350 324 2426 sperne
345 2329 408 2413 piis
430 2331 591 2394 venientia
612 2331 737 2396 somnia
756 2331 877 2416 portist

105 2412 187 2479 Cum
207 2417 439 2498 prevenerunt
460 2416 593 2497 somnia,
616 2415 741 2499 pondus
769 2416 900 2480 habent.

62 2497 167 2564 Nocte
189 2520 289 2583 vagae
310 2498 453 2580 ferimur,
474 2520 539 2563 nox
561 2501 684 2564 clausas
711 2501 826 2565 liberat
846 2500 986 2584 umbrae,

105 2582 201 2646 Errat
222 2588 256 2647 et
276 2583 401 2647 abiecta
423 2582 578 2649 Cerberus
599 2585 668 2669 ipse
690 2607 769 2650 sera.
995 2599 1028 2647 90

62 2665 149 2732 Luce
170 2667 283 2732 iubent
304 2668 392 2752 leges
414 2665 555 2732 Lethaea
576 2668 616 2732 ad
638 2672 753 2754 stagna
773 2670 899 2736 reverti.

104 2750 175 2816 Nos
196 2752 356 2835 vehimur,
378 2755 505 2817 vectum
526 2757 625 2816 nauta
645 2757 791 2819 recenset
811 2775 901 2820 onus.

63 2834 160 2902 Nunc
181 2839 214 2899 te
236 2837 422 2920 possideant
443 2838 539 2902 aliae:
561 2859 636 2901 mox
658 2838 728 2902 sola
748 2839 880 2903 tenebo:

105 2920 232 2984 Mecum
254 2921 332 3003 eris,
354 2923 387 2985 et
406 2921 515 2985 mixtis
538 2923 662 2986 ossibus
685 2943 758 2986 ossa
779 2926 901 2987 teram!

63 3002 152 3069 Haec
174 3006 346 3088 postquam
368 3007 499 3088 querula
519 3028 644 3071 mecum
665 3007 724 3070 sub
746 3007 804 3072 lite
824 3009 957 3095 peregit,
995 3022 1027 3070 95

105 3088 194 3153 Inter
217 3090 390 3173 conplexus
413 3091 530 3154 excidit
551 3091 664 3154 umbra
686 3111 784 3157 meos.

496 3304 592 3379 VIII.

65 3424 170 3510 Disce,
194 3426 271 3511 quid
291 3424 453 3511 Esquilias
475 3428 535 3490 hac
557 3431 652 3492 nocte
674 3429 794 3515 fugarit
815 3452 966 3517 aquosas,

107 3509 190 3577 Cum
212 3512 317 3576 vicina
338 3513 428 3576 novis
451 3512 544 3576 turba
566 3513 705 3578 cucurrit
726 3513 821 3599 agris.
