2392 3990
96 246 101 296 ῑ
123 250 185 323 rin]
490 256 598 310 1111111
619 256 666 311 111.

150 415 309 502 Suscipere
330 421 363 483 et
384 416 503 483 Veneri
523 439 643 502 ponere
665 422 740 481 vota
763 417 864 482 iuvat:

119 497 254 586 Incipiam
277 506 404 587 captare
426 502 509 566 feras
532 507 564 566 et
585 502 714 566 reddere
736 503 815 585 pinu

148 585 270 650 Cornua
292 591 324 651 et
345 587 478 651 audaces
501 588 569 670 ipse
590 609 719 651 monere
742 608 850 670 canes,
1026 601 1059 649 20

116 665 174 734 Non
194 675 303 736 tamen
324 675 361 735 ut
381 676 488 735 vastos
510 673 612 735 ausim
632 675 788 754 temptare
810 672 918 735 leones

145 757 208 819 Aut
229 756 312 820 celer
333 761 474 840 agrestes
497 757 674 820 comminus
696 757 742 819 ire
766 778 846 820 sues.

114 835 186 904 Haec
208 841 307 925 igitur
328 840 408 904 mihi
430 841 473 904 sit
494 840 618 923 lepores
641 841 770 904 audacia
791 840 904 904 molles

96 994 98 1003 ¹
142 923 296 1008 Excipere
318 928 350 989 et
372 925 482 989 stricto
505 926 603 1009 figere
625 946 714 988 avem
736 924 873 1006 salome,

112 1006 166 1082 Qua
186 1009 329 1073 formosa
350 1031 407 1072 suo
431 1009 611 1074 Clitumnus
633 1010 764 1073 flumina
785 1009 856 1072 luco
1024 1023 1057 1072 ‘25

142 1091 262 1178 Integit
283 1098 316 1158 et
335 1095 446 1158 niveos
469 1094 570 1158 abluit
590 1094 676 1158 unda
697 1094 804 1157 boves.

111 1173 147 1239 111
166 1179 314 1260 quotiens
337 1179 458 1261 aliquid
480 1180 650 1259 conabere,
673 1179 753 1260 vita,
775 1180 935 1241 memento

141 1259 316 1326 Venturum
337 1264 447 1346 paucis
469 1285 520 1326 me
545 1263 604 1326 tibi
625 1262 790 1327 Luciferis.

110 1341 151 1408 Sic
170 1369 221 1410 me
243 1368 302 1411 nec
325 1348 410 1411 solae
432 1351 583 1431 poterunt
604 1351 744 1411 avertere
766 1347 864 1410 silvae

140 1429 206 1495 Nec
227 1453 311 1514 vaga
331 1433 486 1495 muscosis
506 1432 638 1495 flumina
658 1432 729 1495 fusa
751 1431 834 1528 iugis
840 1481 849 1513 ,
1023 1445 1056 1495 30

110 1511 180 1586 Quin
203 1536 262 1600 ego
286 1516 320 1578 in
343 1516 474 1580 adsidua
495 1519 615 1580 mutem
637 1520 691 1579 tua
712 1536 843 1579 nomme
864 1515 990 1600 lingua,

140 1599 274 1664 Absenti
294 1621 389 1664 nemo
411 1623 452 1665 ne
473 1602 620 1665 nocuisse
641 1601 728 1664 velit.
834 1650 835 1653 ¹

499 1732 651 1741 ——-

465 1817 554 1889 11111
580 1819 686 1910 [nup

109 1934 179 2012 Quid
199 1940 256 2004 fles
279 1939 416 2004 abducta
437 1941 564 2023 gravius
587 1940 751 2004 Briseide?
775 1941 849 2025 quid
870 1942 928 2006 fles

139 2026 243 2088 Anxia
265 2026 388 2109 captiva
409 2026 532 2088 tristius
554 2024 801 2089 Andromacha?

109 2103 217 2178 Quidve
238 2130 310 2173 mea
331 2108 370 2173 de
392 2108 501 2173 fraude
524 2109 614 2191 deos,
637 2111 764 2192 insana,
786 2108 927 2193 fatigas?

139 2191 219 2268 Quid
240 2194 380 2276 quereris
401 2197 544 2257 nostram
566 2194 612 2258 sic
638 2193 789 2259 cecidisse
810 2193 926 2257 fidem?

108 2268 171 2340 Non
192 2281 259 2341 tam
281 2282 439 2342 nocturna
460 2279 597 2342 volucris
618 2278 746 2343 funesta
768 2278 895 2362 querela
1038 2292 1055 2341 5

138 2362 245 2425 Attica
267 2360 430 2446 Cecropiis
453 2363 609 2446 obstrepis
629 2363 664 2426 in
685 2363 787 2445 foliis,

106 2437 162 2510 Nec
182 2448 308 2509 tantum
328 2447 452 2511 Niobae
475 2447 523 2510 bis
546 2469 601 2510 sex
623 2446 663 2510 ad
684 2448 778 2512 busta
800 2448 954 2532 superbae

138 2530 281 2595 Sollicito
304 2531 451 2595 lacrimae
475 2531 584 2594 defluit
605 2554 624 2594 a
646 2531 765 2614 Sipylo

106 2605 146 2677 bie
166 2615 243 2679 licet
264 2618 379 2680 aeratis
402 2616 581 2699 astringant
603 2615 731 2680 brachia
752 2616 860 2700 nodis,

137 2697 208 2764 Sint
228 2721 301 2764 mea
321 2700 372 2763 vel
393 2699 520 2763 Danaes
543 2700 671 2764 condita
692 2701 835 2765 membra
857 2701 967 2784 domo,
1022 2715 1054 2764 10

105 2773 185 2848 Inte
207 2804 268 2868 ego
291 2787 323 2848 et
344 2788 466 2848 aeratas
488 2807 649 2867 rumpam,
671 2807 743 2849 mea
764 2786 843 2867 vita,
867 2789 1010 2869 catenas,

135 2865 297 2932 Ferratam
319 2868 446 2932 Danaes
468 2870 707 2952 transiliamque
730 2869 869 2935 domum.

104 2943 142 3014 De
161 2955 194 3016 te
216 2955 435 3036 quodcumque
457 2952 497 3016 ad
519 2953 628 3017 surdas
651 2953 730 3017 mihi
753 2953 868 3018 dicitur
889 2976 996 3019 aures:

136 3035 182 3101 Tu
203 3039 298 3101 modo
321 3060 361 3100 ne
385 3038 494 3100 dubita
516 3037 554 3102 de
575 3039 733 3122 gravitate
754 3060 834 3103 mea.

104 3115 173 3185 Ossa
194 3121 255 3185 tibi
277 3123 346 3185 iuro
368 3144 426 3204 per
447 3122 558 3186 matris
581 3126 614 3186 et
635 3143 707 3186 ossa
728 3123 871 3206 parentis
1022 3139 1053 3186 11

136 3205 184 3290 (Si
205 3206 298 3288 fallo,
321 3207 401 3270 cinis
422 3206 486 3270 heu
507 3207 550 3270 sit
570 3206 650 3270 mihi
670 3210 802 3290 uterque
823 3207 960 3293 3111111)

102 3282 144 3352 Me
164 3289 225 3353 tibi
248 3291 287 3354 ad
310 3294 465 3354 extremas
486 3313 685 3373 mansurum,
707 3292 788 3374 vita,
810 3293 973 3358 tenebras:

135 3374 255 3439 Ambos
277 3396 341 3438 una
362 3375 441 3438 fides
463 3375 599 3458 auferet,
621 3398 685 3439 una
707 3376 783 3440 dies

101 3457 183 3530 Quod
205 3458 233 3523 si
254 3481 313 3523 nec
335 3480 453 3523 nomen
474 3481 533 3523 nec
555 3483 606 3524 me
627 3464 683 3523 tua
704 3461 807 3525 forma
827 3465 967 3545 teneret,

134 3541 246 3608 Posset
268 3544 431 3609 servitium
453 3544 530 3609 mite
552 3548 660 3609 tenere
681 3550 781 3610 tuum.
1018 3561 1053 3608 ao
