2392 3990
218 585 377 683 SEX.
412 587 871 687 PROPERTH

386 772 695 850 ELEGIARVM

315 960 477 1020 uranu
508 962 763 1030 avianus
967 963 1045 1021 III.’

527 1182 556 1257 Ι.

63 1294 254 1379 Callimachi
277 1312 388 1378 Manes
411 1317 443 1378 et
465 1312 525 1378 Coi
546 1335 635 1379 sacra
656 1313 814 1392 Philetae,

10 1450 12 1467 ,
104 1396 142 1460 ln
164 1402 318 1481 vestrum,
342 1419 474 1482 quaese,
496 1420 547 1462 me
570 1399 665 1462 sinite
687 1399 734 1463 ire
755 1421 876 1462 nemus

10 1488 12 1495 '
60 1480 187 1545 Primus
211 1504 271 1567 ego
294 1483 457 1567 ingredior
477 1505 557 1565 puro
581 1484 619 1547 de
640 1483 730 1548 fonte
752 1484 898 1548 sacerdos

101 1565 186 1630 Itala
207 1589 264 1651 per
287 1567 399 1632 Graios
422 1567 511 1653 orgia
532 1568 614 1632 ferre
637 1568 760 1633 choros.

57 1649 182 1733 Dicite,
205 1672 267 1734 quo
301 1653 410 1722 ,ariter
432 1673 559 1716 carmen
580 1653 736 1718 tenuastis
758 1652 793 1717 in
815 1653 929 1717 antro?
1009 1666 1025 1714 a

103 1734 214 1810 Quove
236 1758 275 1820 pe
299 1759 316 1800 e
337 1737 496 1822 ingressi?
520 1758 653 1819 quamve
674 1738 800 1801 bibistis
823 1738 961 1821 aquam?

58 1819 90 1884 A
114 1820 233 1903 valeat,
256 1819 420 1885 Phoebum
442 1821 631 1905 quicumque
653 1827 794 1886 moratur
814 1823 850 1885 in
872 1823 982 1886 armis!

102 1902 244 1970 Exactus
265 1906 355 1970 tenui
377 1907 502 1990 pumice
524 1928 632 1971 versus
655 1910 721 1988 eat,

59 1986 133 2064 Quo
155 2011 207 2054 me
229 1989 326 2054 Fama
348 1991 432 2054 levat
452 1994 538 2054 terra
559 1990 720 2074 sublimis,
744 1993 776 2053 et
798 2013 816 2053 a
838 2013 888 2056 me

103 2073 191 2138 Nata
213 2075 373 2141 coronatis
396 2074 489 2140 Musa
509 2073 686 2157 triumphat
708 2074 811 2158 equis,
996 2090 1027 2136 10

58 2158 105 2225 ut
128 2181 252 2224 mecum
273 2159 309 2223 in
331 2181 425 2224 curru
450 2160 540 2244 parvi
562 2162 728 2224 vectantur
748 2161 900 2244 Amores,

105 2243 365 2328 Scriptorumque
387 2267 473 2308 meas
494 2244 588 2309 turba
609 2248 718 2309 secuta
738 2249 836 2321 rotas

60 2328 147 2406 Quid
167 2329 287 2393 frustra
308 2329 414 2393 missis
436 2329 472 2392 in
493 2352 543 2394 me
567 2329 695 2393 certatis
717 2329 873 2394 habenis?

104 2411 182 2478 Non
204 2413 296 2477 datur
318 2414 357 2477 ad
379 2413 488 2477 Musas
511 2435 637 2481 currere
659 2416 723 2477 lata
745 2415 804 2478 via.

60 2497 174 2580 Multi,
197 2498 316 2581 Roma,
339 2501 409 2562 tuas
431 2497 539 2562 laudes
562 2498 730 2562 annalibus
756 2498 887 2583 addent,
996 2512 1027 2560 15

107 2581 167 2657 Qui
191 2581 287 2647 finem
308 2582 434 2666 imperii
456 2581 572 2646 Bactra
593 2583 699 2647 futura
721 2587 845 2647 canent.

62 2666 142 2749 Sed,
159 2667 242 2751 quod
257 2688 335 2752 pace
350 2669 455 2752 tegna,
471 2688 550 2751 opus
564 2667 627 2732 hoe
642 2667 680 2731 de
695 2671 804 2731 mente
819 2688 964 2732 sororum

106 2750 231 2816 Detulit
252 2754 371 2816 intaeta
392 2773 433 2836 pa
457 2751 512 2815 ina
532 2758 644 2815 nostra
667 2753 742 2829 vias

62 2836 192 2920 Mollia,
214 2835 402 2922 Pegasides,
425 2774 497 2900 date
519 2839 624 2901 vestro
648 2840 732 2900 serta
753 2841 879 2921 poetae:

107 2919 183 2985 Non
204 2921 301 2986 faciet
323 2920 420 3005 capiti
442 2920 520 2986 dura
541 2942 660 2986 corona
680 2942 761 2985 meo.
996 2935 1028 2982 20

61 3007 110 3070 At
131 3004 211 3070 mihi
234 3006 317 3089 quod
340 3006 411 3070 vivo
434 3005 605 3069 detraxerit
626 3005 734 3068 invida
755 3006 865 3087 turba,

106 3089 186 3154 Post
207 3091 330 3155 obitum
352 3089 471 3173 duplici
485 3090 602 3154 ¹fenore
624 3089 735 3154 reddet
754 3087 876 3152 Honos.

63 3173 182 3242 Omnia
202 3178 278 3258 post
298 3175 422 3239 obitum
444 3174 537 3259 fingit
559 3175 679 3237 maiora
701 3179 856 3256 vetustas,

107 3259 212 3323 Maius
234 3260 274 3323 ab
297 3258 437 3342 exequiis
462 3279 581 3322 nomen
601 3259 637 3322 in
658 3279 714 3322 ora
735 3258 833 3323 venit.

63 3341 149 3412 Nam
171 3344 241 3428 quis
264 3365 344 3427 equo
366 3343 474 3427 pulsas
496 3343 632 3428 abiegno
653 3347 802 3407 nosceret
823 3363 925 3426 arces,
997 3357 1029 3404 25

107 3427 316 3512 Fluminaque
338 3427 518 3491 Haemonio
540 3428 685 3493 cominus
707 3428 769 3493 isse
792 3427 877 3513 viru,
