2392 3990
112 253 156 323 r]
524 255 632 309 nana
652 254 688 311 11.
1047 245 1088 311 23

113 412 208 482 llam
225 418 373 503 quotiens
385 417 544 481 Mutinam
559 421 615 482 aut
630 418 737 483 civilia
751 418 844 482 busta
857 415 1025 500 Phihppos

144 503 235 566 ·Aut
257 524 404 567 canerem
426 501 550 567 Siculae
574 503 705 567 classica
726 503 810 567 bella
831 502 927 585 fugae

123 580 326 670 liversosque
344 587 434 651 focos
455 587 605 670 antiquae
626 587 733 672 gentis
755 587 909 652 Etruscae

167 672 233 736 Aut
253 671 450 736 Ptolomaeei
474 672 584 736 littora
605 674 698 754 capta
719 671 831 754 Phari,
1056 681 1090 731 30

132 749 360 820 tatemerem
382 759 540 839 †cyptum
563 759 595 820 et
615 756 744 839 Nilum,
767 778 839 905 cbum
860 757 980 819 tractus
1002 754 1037 818 in

82 898 84 909 .
733 863 772 904 ur
794 863 846 904 em

82 934 84 1017 ξ
172 925 299 1010 Septem
321 927 455 1010 captivis
478 926 591 991 debilis
614 926 682 990 ibat
703 926 808 1010 aquis,

82 1032 84 1077 l
135 1006 194 1073 Aut
214 1033 326 1096 regum
350 1012 470 1074 auratis
493 1011 688 1075 circumdata
708 1011 790 1074 colla
813 1009 948 1092 catenis,

82 1098 84 1139 ἱ
168 1095 325 1178 Actiaque
346 1096 382 1159 in
404 1094 500 1160 Sacra
522 1118 646 1160 currere
668 1098 773 1159 rostra
793 1093 870 1177 Via,

82 1154 84 1207 Ι
134 1175 173 1242 Te
193 1200 265 1243 mea
286 1179 379 1244 Musa
400 1180 465 1244 illis
488 1202 612 1264 semper
634 1182 817 1244 contexeret
839 1177 950 1261 armis,
1057 1187 1092 1239 st

168 1263 213 1328 Et
234 1268 362 1348 sumpta
384 1267 417 1328 et
437 1265 542 1348 posita
562 1286 641 1362 pace
662 1264 755 1329 fidele
777 1266 881 1411 caqut.

131 1343 268 1412 Theseus
291 1349 441 1432 infernis,
465 1371 586 1433 superrs
608 1351 744 1413 testatur
765 1349 814 1412 Ac
841 1348 923 1430 'les,

168 1431 232 1497 Hic
254 1431 438 1517 Ixioniden,
460 1433 516 1497 ille
538 1433 771 1497 Menoetiaden.

130 1515 191 1582 Sed
212 1538 316 1601 neque
331 1518 525 1602 Phlegraeos
541 1517 627 1582 Iovis
642 1517 858 1600 Enceladique
879 1517 1035 1581 tumultus

169 1600 302 1666 Intonat
324 1605 460 1687 angusto
482 1605 611 1686 pectore
634 1601 862 1684 Callimachus,
1058 1613 1092 1660 40

128 1684 195 1750 Nec
216 1707 289 1751 mea
311 1688 506 1751 conveniunt
527 1687 606 1752 duro
629 1687 815 1770 praecordia
836 1709 930 1751 versu

170 1769 317 1835 Caesaris
340 1772 375 1834 in
396 1771 554 1856 Phrygios
577 1772 713 1837 condere
734 1791 960 1850 nomenavos.

129 1853 247 1920 Navita
270 1855 308 1919 de
330 1856 449 1939 ventis,
473 1857 512 1920 de
533 1858 631 1920 tauris
653 1859 763 1920 narrat
784 1860 904 1939 arator,

169 1938 347 2004 Enumerat
367 1941 460 2005 miles
482 1942 627 2023 volnera,
650 1944 760 2024 pastor
782 1961 871 2023 oves,

129 2021 198 2089 Nos
222 2027 335 2089 contra
357 2028 493 2121 angusto
516 2026 672 2089 versantis
694 2025 817 2108 proelia
838 2026 937 2089 lecto:
1059 2036 1092 2085 45

171 2106 240 2183 Qua
261 2113 337 2192 pote
360 2131 507 2192 qursque,
530 2110 565 2173 in
587 2132 624 2173 ea
646 2111 790 2173 conterat
811 2112 878 2173 arte
901 2108 994 2172 diem.

130 2190 211 2258 Laus
233 2193 269 2258 in
291 2214 398 2258 amore
420 2195 517 2277 mori,
540 2194 608 2258 laus
630 2195 744 2277 altera,
768 2192 795 2256 si
817 2192 910 2257 datur
930 2212 996 2257 uno

170 2276 270 2342 Posse
291 2278 370 2343 frui:
392 2279 481 2342 fruar
503 2299 521 2343 o
546 2280 632 2343 solus
654 2299 760 2343 amore
782 2280 869 2342 meo!

129 2359 164 2427 si
186 2362 333 2446 memini,
357 2363 439 2427 solet
460 2362 515 2426 illa
536 2363 621 2428 leves
644 2364 770 2447 culpare
814 2363 930 2446 uellas,

171 2446 216 2511 Et
238 2450 340 2511 totam
363 2469 401 2511 cx
422 2447 547 2512 Helena
568 2470 635 2511 non
655 2448 771 2531 probat
791 2385 901 2511 lliada.
1062 2459 1095 2508 50

130 2529 194 2596 Seu
207 2531 287 2595 mihi
302 2534 378 2595 sunt
391 2530 553 2617 tangenda
566 2553 721 2596 novercae
735 2532 850 2616 pocula
864 2530 1037 2615 Phaedrae,

171 2615 292 2680 Pocula
312 2617 461 2700 privigno
483 2637 551 2680 non
572 2617 718 2681 nocitura
739 2638 812 2699 suo,

129 2698 192 2765 Seu
213 2699 293 2764 mihi
317 2699 446 2765 Circaeo
470 2701 697 2784 pereundumst
718 2702 878 2786 gramine,
902 2701 968 2765 sive

172 2783 302 2850 Colchis
326 2785 471 2849 lolciacis
493 2790 566 2849 urat
586 2785 688 2849 ahena
710 2785 806 2869 focis,

130 2866 203 2933 Vna
223 2890 312 2933 meos
335 2870 486 2952 quoniam
507 2870 688 2954 praedatast
709 2870 828 2933 femina
850 2891 976 2953 sensus,
1061 2882 1094 2932 co

171 2953 221 3017 Ex
242 2953 303 3018 hac
326 2954 480 3018 ducentur
502 2956 614 3018 funera
634 2956 744 3018 nostra
769 2954 874 3018 domo.

129 3036 250 3104 Omnes
272 3038 428 3102 humanos
452 3045 544 3102 sanat
565 3038 722 3102 medicina
744 3038 884 3102 dolores:

171 3121 264 3186 Solus
289 3145 378 3187 amor
399 3123 504 3187 morbi
525 3145 592 3187 non
615 3125 701 3186 amat
726 3123 890 3187 artificem.

127 3206 234 3273 Tarda
255 3206 451 3272 Philoctetae
474 3208 597 3271 sanavit
619 3229 710 3272 crura
731 3206 905 3290 Machaon,

170 3291 341 3356 Phoenicis
364 3289 485 3358 Chiron
507 3293 628 3356 lumina
649 3291 855 3375 Phillyrides,
1059 3303 1094 3354 co

126 3374 172 3441 Et
194 3375 272 3439 deus
295 3376 469 3439 extinctum
493 3377 613 3441 Cressis
635 3376 829 3460 Epidaurius
851 3376 958 3441 herbis

169 3459 324 3524 Restituit
345 3460 457 3544 patriis
480 3461 697 3545 Androgeona
717 3461 813 3544 focis,

126 3543 240 3629 Mysus
262 3548 295 3609 et
315 3544 487 3609 Haemonii
509 3545 632 3610 iuvenis
655 3567 717 3630 qua
739 3545 868 3630 cuspide
890 3546 1004 3610 volnus
