2392 3990
507 218 700 275 Paoraavn
967 216 1087 289 [xxiii.

439 411 561 485 xxm
587 409 761 505 [xxvia.

182 533 226 600 Et
247 555 304 599 vos
326 536 494 618 incertam,
516 533 682 616 mortales,
704 534 825 598 funeris
846 532 960 598 horam

225 618 397 698 Quaeritis,
421 623 453 683 et
474 640 537 702 qua
559 619 601 681 sit
621 639 708 682 mors
730 617 854 690 aditura
874 617 941 699 via,

106 762 109 766 .
183 702 340 780 Quaeritis
363 708 395 768 et
417 703 520 784 cae10,
542 701 738 766 Phoenicum
760 703 904 785 inventa,
927 721 1060 782 sereno,

14 3658 121 3758 ἱ

226 787 315 868 Quae
331 789 373 851 sit
388 789 482 852 stella
500 786 624 855 homini
639 787 804 851 commoda
819 806 960 870 quaeque
979 785 1088 866 mala,

155 884 171 933 o
187 870 250 936 Seu
264 872 397 955 pedibus
407 871 544 936 Parthos
559 871 699 954 sequitur
708 893 765 935 seu
776 871 878 935 classe
890 868 1089 952 Britannos,

225 955 269 1020 Et
289 958 385 1020 maris
408 961 440 1020 et
460 961 562 1020 terrae
584 977 677 1020 caeca
697 955 817 1039 pericla
838 955 922 1038 viae3

182 1039 304 1104 Rursus
326 1046 359 1105 et
379 1041 538 1105 obiectum
560 1040 643 1104 fletis
665 1042 761 1124 caput
783 1061 851 1104 esse
873 1038 1030 1120 tumultu,

226 1124 307 1190 Cum
328 1125 457 1189 Mavors
480 1124 591 1209 dubias
613 1125 725 1189 miscet
746 1125 904 1207 utrimque
925 1144 1062 1207 manus,

183 1207 352 1274 Praeterea
374 1209 520 1277 domibus
541 1209 703 1276 flammam
724 1209 902 1292 metuisque
923 1207 1059 1291 ruinas,

135 1305 168 1356 10
223 1293 296 1360 Neu
318 1294 452 1361 subeant
473 1293 570 1357 labris
591 1294 707 1377 pocula
728 1295 822 1378 nigra
843 1293 916 1357 tuis.

184 1376 278 1443 Solus
299 1401 408 1444 amans
431 1379 536 1459 novit,
560 1378 686 1462 quando
708 1380 866 1462 periturus
889 1380 920 1440 et
942 1398 962 1439 a
984 1398 1051 1460 qua

224 1462 338 1546 Morte,
349 1485 452 1548 neque
462 1461 515 1526 hie
523 1461 645 1526 Boreae
655 1462 755 1525 flabra
765 1483 867 1545 neque
878 1482 967 1525 arma
976 1463 1088 1527 timet.

182 1546 251 1611 Iam
273 1548 349 1613 licet
371 1552 403 1617 et
417 1547 530 1631 Stygia
551 1546 660 1611 sedeat
681 1546 740 1609 sub
762 1545 916 1611 arundine
937 1567 1069 1631 remex,

226 1632 344 1697 Cernat
365 1636 397 1696 et
418 1632 562 1695 infernae
584 1632 689 1695 tristia
711 1632 782 1695 vela
802 1631 894 1694 ratis:

135 1727 166 1776 15
182 1714 216 1780 Si
238 1716 333 1779 modo
356 1717 540 1781 damnatum
561 1716 757 1780 revocaverit
778 1736 855 1779 aura
876 1715 1020 1800 puellae,

225 1799 421 1866 Concessum
441 1801 531 1864 nulla
552 1801 623 1884 lege
643 1800 762 1864 redibit
782 1801 852 1864 iter.

524 1950 676 1958 --—-—-—

418 2033 558 2106 mum
585 2033 778 2127 [nnuma

181 2153 339 2239 Iuppiter,
362 2155 504 2220 adfectae
527 2157 656 2221 tandem
677 2156 827 2220 miserere
849 2155 988 2238 puellae:

224 2239 467 2304 Tamformosa
488 2247 578 2304 tuum
599 2244 725 2305 mortua
747 2241 866 2304 crimen
888 2239 959 2303 erit.

182 2322 279 2386 Venit
301 2324 386 2388 enim
408 2328 549 2407 tempus,
572 2333 634 2408 quo
657 2325 795 2388 torridus
818 2327 942 2388 aestuat
962 2344 1034 2406 aer,

224 2407 343 2492 Incipit
364 2411 396 2472 et
418 2409 501 2472 sicco
523 2409 646 2473 fervere
667 2412 752 2473 terra
773 2407 870 2473 Cane.

154 2505 169 2552 o
185 2491 247 2556 Sed
268 2514 334 2556 non
356 2496 423 2555 tam
439 2493 560 2557 ardoris
576 2494 700 2578 culpast
713 2514 815 2576 neque
836 2493 970 2557 crimina
984 2493 1085 2578 caeli,

225 2576 326 2651 Quam
348 2578 466 2640 totiens
489 2582 617 2643 sanctos
638 2600 703 2642 non
726 2576 875 2642 habuisse
898 2577 983 2641 deos.
1063 2606 1067 2614 ·

143 2675 145 2679 ·
181 2658 253 2724 Hoc
274 2661 379 2744 perdit
400 2662 547 2744 miseras,
569 2661 632 2727 hoc
653 2662 793 2746 perdidit
814 2667 888 2726 ante
908 2661 1049 2745 puellast

224 2744 307 2820 Quid
330 2745 385 2809 uid
406 2747 565 2825 iurarunt,
588 2752 702 2810 ventus
725 2751 756 2810 et
776 2747 861 2809 unda
882 2746 976 2828 rapit.

162 2828 268 2893 -Num
291 2767 351 2893 sibi
374 2830 523 2895 collatam
546 2831 647 2895 doluit
660 2831 769 2895 Venus
791 2830 861 2914 ipsa
883 2833 1082 2914 paremque?

137 2926 166 2973 ιο
222 2913 284 2978 Per
305 2936 339 2978 se
361 2915 509 2979 formosis
532 2915 689 2979 invidiosa
711 2915 808 2979 deast.
1118 2977 1123 2985 .

181 2999 235 3062 An
257 3004 440 3082 contempta
461 3000 520 3064 tibi
542 3000 674 3064 Iunonis
696 3000 815 3082 templa
836 2999 928 3063 Pelas
953 2998 1011 3063 ae?

223 3082 362 3147 Palladis
385 3090 440 3147 aut
460 3086 570 3149 oculos
592 3105 669 3147 ausa
689 3106 806 3167 negare
828 3021 953 3147 bonosi

183 3165 328 3251 Semper,
350 3168 526 3251 formosae,
549 3189 616 3232 non
636 3169 739 3232 nostis
760 3190 888 3251 parcere
910 3168 1025 3231 verbis.

223 3251 294 3316 Hoc
316 3253 377 3316 tibi
398 3253 509 3336 lingua
528 3273 665 3335 nocens,
693 3251 755 3316 hoc
776 3253 837 3316 tibi
857 3253 960 3316 forma
982 3253 1076 3317 dedit.

137 3348 166 3396 15
182 3335 244 3400 Sed
266 3336 326 3399 tibi
347 3340 479 3400 vexatae
501 3358 557 3421 per
578 3338 680 3400 multa
701 3337 842 3420 pericula
863 3338 946 3400 vitae

223 3419 375 3484 Extremo
398 3421 505 3484 veniet
524 3422 652 3484 mollior
674 3420 752 3485 hora
774 3421 832 3485 die.
897 3462 901 3469 -

181 3503 217 3568 lo
239 3526 329 3568 versa
351 3511 446 3589 eaput
467 3506 587 3590 primos
608 3506 787 3590 mugiverat
809 3528 926 3570 annos:
