2392 3990
103 255 159 328 11]
485 263 593 317 nunna
614 263 662 317 111.
1006 258 1049 320 45

103 416 157 485 Nos
178 444 377 507 quocumque
399 426 485 508 loco,
508 448 568 490 nos
591 427 679 491 omni
701 429 845 508 tempore
867 429 972 490 tecum

136 506 204 572 Sive
226 530 321 589 aegra
343 512 461 592 pariter
483 513 549 574 sive
570 512 696 575 valente
718 532 836 575 sumus.
1017 522 1051 570 20

451 726 519 799 111
546 727 686 820 [nnn

105 837 159 909 Scis
180 845 256 911 here
278 848 323 912 mi
344 848 461 913 multas
483 851 601 933 pariter
622 850 779 932 placuisse
801 849 938 933 puellae,

137 928 201 995 Scis
223 932 317 1014 mihi,
340 932 568 1017 Demophoon,
592 934 693 997 multa
715 934 822 997 venire
844 934 936 996 mala.

103 1009 188 1079 Nulla
209 1017 289 1081 meis
311 1018 429 1081 frustra
451 1020 626 1082 lustrantur
647 1019 787 1101 compita
808 1017 945 1100 plantis,

137 1098 160 1163 0
181 1100 278 1165 nimis
301 1104 397 1166 exitio
420 1108 496 1166 nata
516 1103 641 1167 theatra
662 1124 749 1184 me0,

104 1179 164 1248 Siue
186 1184 301 1269 aliquis
322 1187 413 1251 molli
435 1188 556 1251 diducit
577 1187 711 1252 candida
732 1190 827 1271 gestu
1037 1196 1052 1244 ฮธ

136 1267 270 1334 Brachia
291 1294 346 1335 seu
368 1272 473 1336 varios
495 1272 610 1336 incinit
631 1293 685 1336 ore
707 1272 831 1335 modos!

103 1347 218 1417 Interea
239 1356 343 1419 nostri
365 1360 521 1440 quaerunt
542 1357 604 1420 sibi
624 1357 738 1420 volnus
762 1356 868 1439 ocelli,

138 1436 279 1503 Candida
299 1462 366 1504 non
387 1445 471 1504 tecto
494 1444 622 1524 pectore
644 1441 735 1522 siqua
756 1440 858 1522 sedet,

103 1518 166 1587 Sive
187 1526 262 1609 vagi
285 1526 387 1589 crines
409 1526 496 1608 puris
519 1527 554 1588 in
575 1526 736 1588 frontibus
758 1529 879 1606 errant,

137 1606 246 1672 Indica
267 1630 347 1692 quos
368 1610 473 1673 medio
495 1611 613 1673 vertice
635 1632 761 1693 gemma
782 1613 880 1673 tenet.
1024 1621 1054 1667 10

104 1688 180 1764 (luae
203 1694 231 1757 si
252 1694 335 1757 forte
358 1695 478 1778 aliquid
499 1694 588 1758 voltu
610 1694 689 1757 mihi
711 1695 789 1757 dura
810 1697 956 1778 negarat,

137 1776 265 1863 Frigida
287 1778 325 1841 de
347 1782 416 1842 tota
437 1779 543 1842 fronte
566 1779 699 1842 cadebat
720 1801 809 1862 aqua.

105 1858 241 1945 Quaeris,
257 1863 485 1946 Demophoon,
501 1885 557 1928 cur
571 1864 632 1926 sim
643 1869 710 1926 tam
724 1864 830 1926 mollis
841 1864 875 1926 in
886 1860 1018 1926 omnes?

139 1945 228 2021 Quod
250 1948 389 2030 quaeris,
414 1970 506 2012 curae
527 1969 594 2011 non
615 1947 712 2011 habet
733 1947 817 2011 ullus
839 1969 936 2010 amor.

105 2027 161 2094 Cur
181 2032 296 2114 aliquis
319 2034 416 2096 sacris
438 2033 538 2095 laniat
560 2054 616 2096 sua
638 2031 768 2095 brachia
790 2032 899 2095 cultris
905 2081 914 2113 ,
1024 2044 1055 2091 15

139 2114 180 2179 llt
201 2115 338 2201 Phrygis
360 2118 490 2180 insanos
512 2117 653 2181 caeditur
674 2117 713 2179 ad
735 2115 906 2179 numeros?

104 2194 273 2284 Vnicuique
296 2201 383 2265 dedit
403 2203 517 2265 vitium
538 2205 653 2264 natura
674 2204 796 2265 creato:

138 2284 182 2349 Mi
205 2286 334 2349 fortuna
356 2287 475 2371 aliquid
497 2308 622 2369 semper
643 2307 749 2348 amare
771 2284 872 2349 dedit:

104 2363 149 2432 Me
169 2370 246 2434 licet
268 2373 300 2434 et
321 2370 498 2453 Thamyrae
521 2372 660 2434 cantoris
682 2371 748 2433 fata
770 2371 957 2453 sequantur,

138 2453 318 2538 Numquam
340 2456 380 2518 ad
402 2455 572 2537 formosaS,
596 2455 716 2536 invide,
740 2475 851 2518 caecus
873 2475 937 2518 ero.
1023 2466 1058 2514 20

104 2533 158 2602 Sed
179 2540 240 2603 tibi
261 2539 289 2602 si
312 2540 408 2603 exiles
430 2540 540 2604 videor
560 2543 709 2603 tenuatus
731 2538 765 2601 in
788 2542 889 2620 artus,

138 2621 283 2688 Falleris:
306 2623 385 2687 haut
406 2627 587 2707 umquamst
608 2625 693 2687 culta
715 2623 823 2687 labore
844 2623 963 2687 Venus.

104 2700 304 2773 Percunctere
327 2708 415 2772 licet:
438 2713 565 2791 saepest
586 2711 716 2791 experta
736 2708 843 2790 puella

140 2791 287 2856 Officium
309 2795 377 2856 tota
397 2798 492 2856 nocte
514 2793 618 2856 valere
640 2814 755 2855 meum.

105 2871 134 2938 lu
155 2877 239 2961 piter
260 2877 434 2941 Alcmenae
455 2879 601 2961 geminas
622 2878 820 2961 requieverat
841 2879 973 2959 Arctos,
1024 2890 1056 2937 25

136 2898 181 3026 ht
202 2962 325 3026 caelum
347 2966 445 3025 noctu
467 2961 516 3024 bis
538 2963 607 3024 sine
627 2983 704 3045 rege
725 2961 801 3041 fuit,

106 3039 164 3110 Nec
184 3050 294 3110 tamen
315 3046 433 3110 idcirco
454 3046 610 3130 languens
633 3046 672 3108 ad
694 3045 829 3108 fulmina
850 3046 952 3110 venit:

139 3129 254 3195 Nullus
277 3152 366 3194 amor
387 3131 469 3194 vires
492 3131 587 3276 eripit
607 3130 677 3212 ipse
699 3152 780 3193 suas.

108 3209 201 3286 Quid?
226 3236 298 3279 cum
321 3236 338 3278 e
360 3215 517 3297 conplexu
568 3215 700 3278 riseidos
722 3215 785 3277 iret
805 3213 964 3293 Achilles,

138 3297 224 3363 Num
246 3299 357 3383 fugere
379 3301 485 3362 minus
507 3298 661 3362 Thessala
681 3299 745 3362 tela
766 3298 932 3382 Phryges?
1024 3313 1057 3362 30

96 3377 200 3475 ,Quidr
234 3383 321 3447 ferus
353 3382 596 3447 Andromachae
630 3383 712 3447 lecto
746 3405 819 3447 cum
851 3387 995 3469 surgeret

96 3580 98 3595 ยน
139 3551 229 3618 Bella
251 3552 442 3636 Mycenaeae
464 3575 530 3617 non
551 3553 684 3616 timuere
703 3466 840 3617 rHaldilr'
