2392 3990
56 108 122 183 vr]
474 109 583 165 urana
603 110 637 168 v.

59 270 154 337 Serta
175 271 347 337 Philetacis
370 275 493 337 certent
514 273 660 337 Romana
681 274 856 359 corymbis,

102 356 148 421 nt
170 355 348 440 Cyrenaeas
370 379 451 421 urna
472 358 633 422 ministret
654 379 761 442 aquas.

60 441 197 507 Costum
219 443 316 505 molle
339 441 413 505 date
435 445 468 505 et
489 443 598 506 blandi
624 442 705 506 mihi
725 443 807 507 turis
821 442 970 526 honores,
1012 455 1029 506 ⁶

102 526 228 608 Terque
249 527 357 591 focum
380 527 464 590 circa
485 527 597 591 laneus
620 527 708 591 orbis
731 531 792 592 eat.

62 610 211 694 Spargite
232 632 284 674 me
305 610 456 694 lymphis,
480 632 669 695 carmenque
690 611 874 676 recentibus
896 612 960 675 aris

104 695 199 758 Tibia
220 694 404 779 Mygdoniis
428 696 507 759 libet
529 696 650 759 eburna
671 696 767 760 cadis.

62 778 109 843 Ite
132 780 244 862 procul
266 779 403 862 fraudes,
426 780 489 843 alio
512 780 579 843 sint
600 801 672 843 aere
693 801 811 845 noxae:

102 863 189 927 Pura
210 884 329 927 novum
351 865 416 927 vati
438 864 545 928 laurea
566 863 672 928 mollit
693 865 761 928 iter.
999 877 1031 927 10

63 948 164 1031 Musa,
186 948 327 1012 Palatini
348 948 521 1013 referemus
543 948 707 1032 Apollinis
730 949 855 1014 aedem:

104 1032 169 1097 Res
191 1035 249 1116 est,
272 1031 427 1116 Calliope,
450 1034 549 1118 digna
569 1035 682 1098 favore
703 1036 769 1097 tuo.

63 1117 208 1182 Caesaris
230 1117 265 1181 in
286 1138 406 1181 nomen
428 1116 588 1182 ducuntur
610 1118 765 1182 carmina:
788 1115 903 1183 Caesar

103 1201 191 1266 Dum
213 1202 353 1285 canitur,
377 1223 510 1284 quaese,
532 1201 678 1286 Iuppiter
698 1203 767 1285 ipse
789 1223 890 1267 vaces.

60 1288 123 1351 Est
143 1285 267 1350 Phoebi
288 1287 416 1371 fugiens
438 1285 621 1351 Athamana
643 1286 683 1351 ad
704 1286 800 1350 litora
820 1292 942 1370 portus,
998 1300 1029 1348 15

105 1369 175 1446 Qua
197 1371 286 1435 sinus
308 1370 419 1436 Ioniae
440 1393 603 1436 murmura
624 1371 735 1436 condit
755 1391 866 1454 aquae,

62 1456 159 1519 Actia
179 1453 287 1520 Iuleae
309 1455 442 1540 pelagus
463 1457 662 1520 monimenta
684 1457 825 1539 carinae,

106 1540 284 1605 Nautarum
307 1541 390 1603 votis
411 1560 478 1604 non
500 1561 634 1625 operosa
655 1541 715 1605 via.

62 1625 136 1688 Huc
157 1624 269 1688 mundi
291 1625 394 1688 coiere
416 1645 546 1689 manus:
569 1625 661 1688 stetit
681 1645 817 1708 aequore
838 1625 939 1688 moles

104 1708 213 1787 Pinea,
236 1730 296 1772 nec
317 1709 414 1772 remis
436 1730 536 1792 aequa
557 1710 686 1773 favebat
707 1709 783 1774 avis.
997 1723 1031 1771 ao
1052 1760 1058 1769 .

65 1793 176 1858 Altera
198 1793 308 1857 classis
330 1796 398 1856 erat
416 1793 538 1857 Teucro
561 1793 712 1858 damnata
734 1792 877 1876 Quirino,

105 1878 238 1960 Pilaque
259 1877 397 1941 feminae
418 1878 555 1960 turpiter
576 1881 652 1960 apta
673 1900 784 1943 manu:

61 1963 148 2026 Hinc
169 1964 317 2047 Augusta
337 1961 415 2026 ratis
436 1962 540 2046 plenis
562 1960 649 2026 Iovis
671 1963 777 2025 omine
798 1962 877 2027 velis

107 2045 269 2131 Signaque
290 2047 355 2110 iam
376 2047 499 2130 patriae
521 2047 648 2111 vincere
670 2046 765 2110 docta
787 2068 871 2111 suae.

62 2131 206 2194 Tandem
228 2131 312 2195 acics
357 2132 480 2195 eminos
501 2130 624 2196 Nereus
646 2132 774 2194 lunarat
793 2131 829 2194 in
850 2152 952 2213 arcus,
996 2146 1028 2195 25

105 2216 278 2279 Armorum
298 2153 396 2280 radiis
418 2216 504 2300 picta
525 2215 683 2280 tremebat
703 2236 800 2300 aqua,

63 2300 144 2366 Cum
166 2300 315 2364 Phoebus
337 2301 485 2384 linquens
508 2302 646 2365 stantem
669 2322 703 2364 se
724 2299 849 2365 vindice
871 2300 977 2365 Delon

108 2383 206 2468 (Nam
227 2385 303 2448 tulit
323 2384 423 2449 iratos
444 2385 573 2449 mobilis
594 2406 660 2448 una
681 2383 799 2469 Notos)

64 2469 177 2535 Astitit
196 2470 336 2554 Augusti
357 2470 490 2553 puppim
512 2491 622 2553 super,
645 2472 678 2534 et
697 2490 783 2534 nova
802 2469 932 2533 flamma

105 2553 203 2617 Luxit
222 2554 258 2618 in
280 2554 442 2638 obliquam
462 2557 513 2617 ter
534 2555 659 2618 sinuata
679 2554 791 2618 facem.
996 2568 1030 2617 so

64 2637 141 2702 Non
162 2638 216 2702 ille
238 2639 389 2703 attulerat
412 2639 515 2702 crines
537 2639 572 2702 in
595 2639 678 2703 colla
700 2640 821 2703 solutos
872 2699 876 2707 .

105 2722 159 2785 Ad
179 2723 376 2787 testudineae
399 2744 527 2787 carmen
547 2724 668 2787 inerme
690 2724 786 2807 lyrae,

63 2806 126 2872 Sed
148 2807 234 2890 quali
256 2809 381 2892 aspexit
395 2807 570 2891 Pelopeum
590 2809 835 2892 Agamemnona
857 2809 955 2892 voltu,

105 2891 297 2976 Egessitque
319 2891 420 2955 avidis
441 2891 561 2956 Dorica
582 2894 686 2956 castra
706 2893 804 2976 rogis,

64 2978 132 3040 Aut
153 2976 256 3059 qualis
277 2976 376 3040 flexos
399 2978 496 3040 solvit
516 2975 665 3060 Pythona
686 2998 743 3061 per
765 2978 857 3042 orbes
996 2989 1028 3039 35

107 3059 311 3144 Serpentem,
333 3060 468 3125 inbelles
490 3083 586 3159 quom
607 3065 735 3126 tacuere
756 3061 853 3145 lyrae.

64 3144 140 3209 Mox
162 3145 208 3208 ait
230 3152 261 3209 ‘0
284 3145 383 3231 longa
403 3145 515 3210 mundr
536 3150 679 3210 servator
700 3145 741 3209 ab
762 3146 856 3230 Alba,

106 3231 262 3314 Auguste,
284 3229 452 3295 Hectoreis
474 3232 603 3315 cognite
624 3232 727 3294 maior
748 3230 825 3312 avis,

64 3314 166 3379 Vince
187 3315 282 3379 mari:
305 3316 368 3379 iam
390 3319 476 3378 terra
496 3318 598 3380 tuast:
620 3316 681 3380 tibi
702 3315 820 3379 militat
842 3336 943 3397 arcus,

105 3399 150 3463 Et
171 3399 256 3463 favet
279 3423 316 3464 ex
338 3400 455 3464 umeris
478 3399 539 3464 hoc
561 3420 642 3465 onus
664 3422 760 3465 omne
781 3400 871 3469 meis.
995 3412 1029 3462 to

1087 1894 1123 1965 ,a
