2392 3990
119 229 159 293 56
494 233 687 290 rnonuarn
944 239 1087 311 [xxvnr.
1131 314 1133 323 Ι

59 450 65 467 ,
138 412 165 459 ro
181 398 313 463 Illorum
336 399 475 482 antiquis
498 405 669 464 onerentur
690 401 814 485 legibus
837 423 942 466 aures:

224 483 287 547 Hic
308 484 398 548 locus
421 487 485 567 est,
507 484 542 547 in
585 505 642 566 uo,
663 484 742 549 tibia
764 485 871 568 docta,
894 507 1009 570 sonsa,

183 567 269 643 Quae
290 588 358 632 non
379 567 446 632 iure
468 568 548 631 vado
607 569 736 632 acandri
758 571 840 652 iacta
861 571 997 655 nutasti,

225 650 343 735 Turpia
365 673 435 716 cum
457 652 576 717 faceret
596 652 735 716 Palladis
759 676 815 717 ora
836 658 951 719 tumor.

182 735 269 800 Num
283 737 356 818 iam,
373 737 458 818 dure,
474 759 566 821 paras
581 736 737 822 Phrygias
752 761 838 802 nuno
849 740 895 803 ire
909 760 966 822 per
978 739 1087 803 undas

134 833 167 881 20
224 819 269 884 Et
288 825 396 903 petere
418 820 560 904 Hyrcani
582 822 691 885 littora
711 821 781 886 an
801 829 916 905 marie,

184 904 340 990 Spargere
363 909 395 970 et
417 906 539 970 alterna
561 927 742 970 communes
765 907 858 971 caede
881 907 1020 972 Penates

225 989 269 1053 Et
289 989 371 1053 ferre
393 989 434 1053 ad
455 991 575 1074 patrios
597 992 737 1074 praemia
759 991 827 1054 dira
848 991 966 1055 Lares?

185 1073 256 1137 Vna
278 1077 464 1139 contentum
485 1063 603 1158 pudeat
624 1097 674 1138 me
688 1077 800 1140 ¹vivere
823 1075 945 1139 amica?

225 1158 296 1223 Hoc
318 1160 346 1222 si
368 1159 488 1223 crimen
510 1160 585 1239 erit,
608 1160 727 1223 crimen
748 1161 878 1224 Amoris
900 1160 975 1224 erit:
1080 1193 1083 1196 >

135 1255 167 1304 ‘25
182 1242 228 1306 Mi
250 1265 344 1306 nemo
367 1243 492 1306 obiciat.
526 1244 624 1306 libeat
644 1244 718 1326 tibi,
743 1243 896 1328 Cynthia,
920 1265 1050 1309 mecum

225 1327 363 1391 Roscida
383 1328 537 1392 muscosis
560 1331 653 1391 antra
676 1332 784 1393 tenere
807 1329 901 1412 iugis.

183 1412 254 1476 Illic
276 1411 410 1495 aspicies
432 1412 570 1508 scopulis
592 1411 721 1476 haerere
747 1435 872 1478 sorores

225 1496 269 1559 Et
290 1518 403 1560 canere
425 1497 547 1578 antrqui
571 1496 675 1560 dulcia
696 1497 781 1560 furta
802 1498 904 1579 Iovis,

183 1581 229 1645 Vt
250 1580 405 1645 Semelast
426 1580 625 1663 combustus,
652 1584 688 1645 ut
709 1586 758 1644 cst
779 1582 961 1666 deperditus
982 1582 1039 1668 Io,

135 1679 167 1727 30
224 1664 368 1748 Denique
390 1667 426 1727 ut
447 1664 487 1727 ad
510 1665 623 1729 Troiae
644 1669 729 1730 tecta
750 1662 869 1730 volarit
887 1668 963 1731 avis.

185 1749 277 1825 Quod
299 1751 442 1813 sinemo
465 1753 566 1831 extat,
589 1750 642 1833 qui
664 1751 777 1814 vicerit
798 1752 885 1815 alitis
907 1773 1013 1833 arma,
1127 1813 1130 1818 .

227 1832 412 1898 Communis
435 1835 546 1916 culpae
569 1854 717 1898 cur-reus
738 1857 820 1898 unus
842 1835 942 1920 agor?

184 1917 253 1983 Nec
274 1922 311 1981 tu
332 1918 508 2002 virginibus
530 1919 706 1982 reverentia
727 1920 864 1984 moveris
890 1941 961 1984 ora:

225 2002 288 2066 Hic
310 2023 372 2086 quo
397 2025 435 2067 ue
455 2024 523 2066 non
543 2003 647 2066 nescit
661 2004 736 2086 quid
759 2004 801 2067 sit
822 2025 928 2066 amare
951 2002 1088 2090 chorus3

136 2100 167 2149 36
184 2087 217 2151 Si
239 2091 345 2151 tamen
369 2025 486 2172 deagri
508 2087 661 2170 quaedam
684 2109 853 2172 conpressa
874 2088 977 2173 figura

227 2172 381 2236 Bistoniis
403 2174 480 2236 olim
501 2173 632 2255 rupibus
654 2172 807 2237 accubuit.

184 2255 246 2320 Hic
268 2256 322 2319 ubi
344 2278 394 2319 me
416 2257 520 2340 prima
542 2258 684 2319 statuent
704 2257 738 2320 in
760 2260 849 2340 parte
872 2256 1025 2340 choreae,

226 2340 270 2403 Et
290 2340 412 2404 medius
436 2340 529 2403 docta
551 2340 678 2423 cuspide
701 2341 846 2405 Bacchus
869 2341 944 2421 erit,

184 2424 266 2488 Tum
288 2425 384 2508 capiti
407 2445 514 2487 sacros
536 2423 640 2506 patiar
661 2425 798 2507 pendere
821 2425 1005 2508 corymbos:

135 2523 169 2572 40
225 2508 309 2574 Nam
332 2509 454 2572 sinete
476 2513 622 2572 nostrum
643 2530 709 2572 non
731 2509 815 2572 valet
836 2509 1013 2593 ingenium.

526 2641 678 2649 -—-—-

1039 2676 1055 2711 Q

426 2723 598 2797 xxvrm
626 2686 782 2818 [nixu

185 2850 333 2931 Quaeris,
348 2849 412 2913 'cur
432 2849 558 2913 veniam
581 2849 640 2912 tibi
662 2847 790 2911 tardior.
825 2869 919 2911 aurea
941 2847 1066 2913 Phoebi

228 2935 374 2999 Porticus
396 2956 415 2998 a
435 2955 555 3018 magno
572 2931 706 2998 Caesare
729 2934 838 3014 aperta
857 2932 929 2996 fuit.

185 3018 269 3084 'Pota
291 3021 358 3082 erat
378 3019 413 3081 in
435 3018 573 3101 speciem
595 3017 711 3081 Poenis
734 3015 859 3100 digesta
881 3016 1061 3100 columnis,

229 3104 317 3168 Inter
338 3124 416 3186 quas
438 3102 541 3166 Danai
562 3102 682 3165 femina
704 3100 798 3164 turba
819 3101 914 3165 senis.

160 3188 253 3253 5Hic
275 3187 420 3271 equidem
442 3185 572 3250 Phoebo
595 3186 679 3249 visus
702 3184 781 3248 mihi
802 3183 965 3269 pulchrior
986 3185 1061 3268 ipso

229 3272 426 3336 Marmoreus
447 3271 546 3334 tacita
567 3290 695 3333 carmon
716 3268 804 3333 hiare
825 3270 909 3352 lyra:

187 3360 295 3440 Atque
317 3378 404 3420 aram
426 3355 544 3419 circum
567 3357 722 3417 steterant
741 3357 883 3417 armenta
904 3353 1067 3440 Myronis,

230 3442 385 3517 Quattuor
406 3438 556 3520 artifices,
579 3437 684 3500 vivida
706 3437 814 3522 signa,
836 3439 944 3501 boves.
1050 3438 1056 3467 ·“

187 3527 270 3593 'l'um
292 3524 430 3590 medium
453 3521 537 3585 claro
561 3521 712 3607 surgebat
732 3542 889 3586 marmore
911 3520 1070 3606 templunb

1065 3820 1071 3861 r

1067 3866 1083 3941 l
