2392 3990
138 252 180 317 το
326 221 330 229 ’
498 253 691 310 Paoeaarn
1046 248 1105 319 [vu

153 433 185 481 ιο
240 417 310 484 Nec
330 421 405 501 pote
428 421 582 502 cognatos
603 417 688 484 inter
710 414 841 479 humare
863 433 975 497 rogos,

201 502 263 568 Sed
277 506 333 566 tua
345 525 432 566 nunc
447 503 591 566 volucres
612 504 719 564 astant
734 521 828 582 super
850 518 923 561 ossa
944 496 1106 576 marinae,

247 586 342 651 Nunc
355 586 416 650 tibi
430 608 488 670 pro
502 586 625 650 tumulo
642 583 850 668 Carpathium
864 602 958 645 omne
972 584 1107 646 marest.

201 671 319 735 Infelix
340 672 474 754 Aquilo,
496 674 606 753 raptae
627 671 725 733 timor
748 668 926 749 Orithyiae,

245 755 332 830 Quae
354 755 456 837 spolia
478 776 516 818 ex
538 756 595 818 illo
617 758 709 817 tanta
729 753 818 816 fuere
840 751 920 815 tibi?

157 853 188 903 15
203 842 270 903 Aut
291 839 442 923 quidnam
463 840 566 902 fracta
586 839 721 986 gaudes,
744 838 909 920 Neptune,
933 834 1070 899 carina?

244 924 398 988 Portabat
419 927 546 987 sanctos
568 945 675 986 aveus
697 923 752 986 ille
774 923 868 985 viros

203 1009 313 1092 Paete,
329 1008 405 1093 quid
420 1011 556 1072 aetatem
570 1007 741 1071 numeras?
765 1005 842 1089 quid
857 1026 929 1069 cara
943 1003 1074 1067 natanti

244 1093 349 1157 Mater
370 1094 404 1155 in
427 1113 482 1156 ore
503 1092 615 1155 tibist?
638 1113 704 1155 non
726 1091 825 1155 habet
846 1089 932 1152 unda
953 1088 1042 1152 deos.

203 1176 287 1242 Nam
308 1177 367 1240 tibi
389 1177 553 1241 nocturnis
576 1176 616 1239 ad
638 1198 714 1240 saxa
735 1177 835 1261 ligata
855 1172 1006 1256 procellis

153 1275 187 1324 20
244 1261 359 1326 Omnia
381 1260 497 1324 detrito
519 1261 646 1324 vincula
666 1261 744 1325 fune
766 1260 891 1324 cadunt.

203 1345 285 1410 Sunt
306 1346 577 1430 Agamemnonias
599 1346 751 1410 testantia
772 1345 867 1407 litora
890 1363 997 1424 curas,

245 1429 332 1506 Quae
353 1433 446 1493 notat
467 1430 616 1513 Argynni
637 1450 741 1512 poena
762 1425 1041 1492 Athamantiadae.

175 1572 177 1576 ,
202 1513 274 1578 Hoc
295 1515 408 1578 iuvene
430 1514 547 1577 amisso
569 1515 703 1578 classem
724 1536 791 1577 non
817 1512 913 1577 solvit
934 1510 1084 1595 Atrides,

244 1599 307 1662 Pro
330 1620 392 1682 qua
413 1601 581 1662 mactatast
601 1597 771 1683 Iphigenia
791 1619 890 1662 mora.

154 1696 186 1744 29
202 1682 251 1747 Ite
289 1686 374 1746 rates
397 1704 508 1746 curvas
531 1687 563 1746 et
583 1683 641 1747 leti
661 1684 760 1747 texite
782 1703 907 1748 causas:

153 1781 187 1828 80
243 1731 312 1830 I’sta
332 1789 390 1851 per
411 1766 566 1831 humanas
587 1789 674 1831 mors
695 1768 784 1831 venit
804 1769 876 1831 acta
896 1785 1021 1830 manus.

206 1851 302 1914 Terra
323 1873 436 1935 parum
458 1852 562 1915 fuerat
582 1852 673 1934 fatis,
697 1852 869 1916 adiecimus
891 1849 1009 1913 undas:

246 1935 407 2000 Fortunae
428 1936 561 2000 miseras
583 1939 727 2000 auximus
749 1939 816 2000 arte
837 1935 915 1998 vias.

203 2025 333 2086 Ancora
354 2025 386 2084 te
407 2024 529 2105 teneat,
552 2043 647 2104 quem
668 2042 735 2085 non
756 2024 886 2084 tenuere
907 2018 1073 2082 Penates?

246 2104 329 2181 Quid
350 2106 501 2170 meritum
522 2105 622 2187 dicas,
647 2107 697 2170 cui
719 2127 777 2169 sua
798 2108 882 2168 terra
903 2103 1073 2186 parumst‘?

156 2201 188 2250 85
202 2188 664 2273 Ventorumst„quodcumque
683 2211 792 2274 paras:
814 2189 893 2252 haut
911 2189 977 2251 ulla
998 2187 1112 2254 carina

247 2272 436 2355 Consenuit,
459 2274 544 2337 fallit
565 2278 675 2356 portus
698 2278 731 2338 et
753 2275 820 2356 ipse
842 2273 946 2336 fidem.

203 2357 327 2422 Natura
348 2356 501 2422 insidians
524 2363 659 2441 pontum
681 2358 854 2422 substravit
875 2356 992 2420 avaris:

245 2440 292 2505 Vt
312 2443 371 2506 tibi
394 2442 557 2524 succedat,
579 2442 632 2505 vix
654 2443 753 2506 semel
774 2462 843 2506 esse
865 2444 980 2525 potest

207 2525 290 2590 Saxa
310 2526 518 2609 triumphales
540 2529 664 2612 fregere
688 2525 851 2610 Capherea
872 2546 1010 2609 puppes,

156 2623 188 2671 40
244 2609 410 2694 Naufraga
433 2633 504 2674 cum
526 2615 617 2675 vasto
640 2611 774 2676 Graecia
794 2613 896 2674 tracta
918 2610 1027 2675 salost.

204 2694 362 2758 Paulatim
385 2696 506 2759 socium
528 2697 683 2761 iacturam
704 2697 792 2760 fierit
813 2694 938 2779 Vlixes,

246 2778 286 2843 In
307 2801 394 2843 mare
417 2780 468 2843 cui
490 2782 577 2844 soliti
598 2802 666 2845 non
686 2782 813 2844 valuere
835 2780 910 2844 doli.

206 2862 348 2939 Quodsi
371 2868 540 2928 contentus
561 2866 665 2948 patrio
688 2866 770 2929 bove
791 2866 929 2928 verteret
950 2885 1064 2948 agros,

246 2947 413 3032 Verbaque
436 2949 578 3014 duxisset
598 2950 723 3033 pondus
745 2949 863 3013 habere
885 2970 970 3032 mea,
1096 2953 1102 2963 '

157 3045 189 3092 45
203 3031 334 3097 Viveret
356 3038 429 3098 ante
453 3056 526 3098 suos
549 3035 650 3098 dulcis
674 3035 806 3097 conviva
827 3033 978 3115 PenateS,

248 3116 387 3202 Pauper,
409 3121 444 3182 at
464 3119 499 3182 in
519 3121 617 3200 terra,
641 3119 688 3181 nil
709 3118 764 3181 ubi
786 3118 862 3180 flare
883 3118 999 3201 potest.

103 3281 107 3288 ‚
205 3200 282 3265 Non
301 3203 377 3266 tulit
398 3201 451 3266 hic
472 3202 589 3265 Paetus
612 3202 780 3266 stridorem
802 3202 911 3266 audire
932 3201 1096 3285 procellae

249 3285 293 3350 Et
314 3287 393 3351 duro
415 3289 541 3351 teneras
564 3287 688 3351 laedere
709 3287 785 3350 fune
807 3307 933 3368 manus,

207 3370 269 3436 sed
291 3371 381 3453 thyio
403 3371 545 3434 thalamo
568 3375 623 3435 aut
645 3371 751 3436 Oricia
771 3370 953 3435 terebintho

159 3469 191 3516 to
246 3456 291 3519 Et
311 3456 428 3519 fultum
450 3456 558 3538 pluma
579 3457 769 3520 versicolore
792 3459 896 3538 caput.

146 3561 166 3600 ι
205 3540 291 3605 Huic
312 3540 426 3605 fluctus
448 3541 521 3604 vivo
544 3541 695 3605 radicitus
717 3541 850 3604 abstulit
870 3561 1007 3621 ungues,
