2392 3990
125 236 185 309 un
513 233 621 288 arnan
642 235 691 291 111.

155 389 342 457 Daedalium
364 392 430 458 lino
454 416 526 460 cum
549 395 628 460 duce
650 397 733 460 rexit
754 397 830 479 iter,

122 471 237 550 Quanta
259 499 319 562 ego
341 480 513 562 praeterita
536 480 652 564 collegi
673 480 791 565 gaudia
812 486 921 547 nocte:

154 558 337 625 Inmortalis
359 583 429 645 ero,
453 564 480 626 ri
503 564 602 627 altera
624 565 697 628 talis
720 566 788 630 erit.
1045 579 1075 628 ιο

121 642 159 707 lt
178 645 254 709 dum
276 645 422 711 demissis
444 649 577 732 supplex
599 650 774 714 cervicibus
796 651 899 733 ibam,
1011 659 1014 664 ’

69 746 71 757 ·
154 727 291 794 Dicebar
313 731 398 796 sicco
420 732 514 795 vilior
536 753 605 796 esse
627 733 706 797 lacu.

119 811 181 878 Nec
202 814 282 878 mihi
305 816 367 879 iam
389 815 491 880 fastus
514 837 675 901 opponere
697 818 822 901 quaerit
842 818 985 902 iniquos,

153 897 222 962 Nec
243 899 323 963 mihi
344 901 485 983 ploranti
507 902 593 965 lenta
614 902 723 966 sedere
745 907 861 986 potest.

118 982 143 1045 A
179 1004 218 1046 ue
240 984 363 1048 utinam
385 989 539 1049 nontam
562 1006 632 1049 sero
654 986 735 1050 mihi
755 990 833 1050 nota
855 988 969 1051 fuisset
1043 999 1074 1049 1⁶

183 1067 324 1133 ondiciol
348 1069 447 1133 cineri
469 1091 554 1133 nunc
577 1070 735 1135 medicina
757 1070 858 1134 datur.

116 1151 197 1215 Ante
219 1152 315 1236 pedes
339 1155 440 1218 caecis
462 1154 588 1218 lucebat
610 1156 724 1219 semita
744 1156 855 1220 nobis:

155 1233 284 1300 Scilicet
305 1237 418 1301 insano
440 1260 534 1302 nemo
558 1239 593 1303 in
614 1261 721 1303 amore
743 1240 838 1304 videt.

115 1318 185 1384 Hoc
207 1322 293 1385 sensi
314 1323 465 1405 prodesse
487 1324 604 1407 magis:
627 1325 837 1407 contemnite,
861 1327 1020 1389 amantes:

155 1405 208 1469 Sic
230 1405 325 1470 hodie
348 1408 467 1489 veniet,
491 1409 581 1490 siqua
602 1409 732 1492 negavit
752 1408 831 1472 heri.
1044 1422 1077 1470 20

114 1488 290 1554 Pulsabant
312 1491 367 1554 alii
388 1492 507 1556 frustra
529 1492 751 1575 dominamque
773 1493 944 1557 vocabant:

154 1574 283 1638 Mecum
303 1575 416 1638 habuit
436 1577 575 1660 positum
601 1577 689 1640 lenta
710 1577 818 1660 puella
839 1581 943 1660 caput

114 1657 202 1723 Haec
223 1660 303 1723 mihi
325 1659 457 1725 devictis
480 1662 586 1743 potior
607 1662 742 1724 victoria
764 1662 905 1744 Parthis,

155 1743 244 1808 Haec
260 1745 376 1827 spolia,
399 1744 478 1808 haec
497 1766 603 1830 reges,
625 1745 705 1809 haec
721 1746 800 1810 mihi
815 1768 925 1810 currus
940 1749 1041 1811 erunt.

114 1827 234 1891 Manna
256 1850 316 1912 ego
339 1828 423 1893 dona
444 1833 499 1893 tua
520 1831 627 1914 figam,
651 1830 818 1913 Cytherea,
844 1832 1002 1913 columna,
1045 1844 1077 1892 25

156 1879 295 1997 sllaleque
318 1914 376 1976 sub
398 1918 509 1977 nostro
531 1916 661 1977 nomine
685 1937 811 1979 carmen
834 1916 908 1980 erit:

115 1996 199 2062 ‘Has
220 2019 307 2081 pono
330 2001 403 2062 ante
426 2002 496 2062 tuas
519 1998 587 2080 tibi,
611 1998 691 2081 diva,
714 1999 900 2082 Propertius
922 1999 1015 2064 aedes

155 2081 305 2164 Exuvias
328 2086 397 2146 tota
418 2087 512 2147 nocte
534 2087 680 2166 receptus
702 2092 835 2148 amans’

114 2166 210 2232 Nunc
232 2167 271 2230 ad
294 2172 335 2250 te,
358 2189 429 2231 mea
451 2168 515 2249 lux,
539 2169 648 2230 veniat
669 2189 739 2231 mea
761 2168 870 2232 littore
891 2169 983 2232 navis

157 2250 301 2316 Servata:
325 2273 366 2315 an
387 2251 500 2316 mediis
525 2252 608 2314 sidat
628 2252 769 2316 honusta
789 2251 901 2316 vadis?
1044 2264 1079 2315 30

116 2335 257 2411 Quodsi
279 2336 362 2399 forte
384 2337 490 2418 aliqua
510 2337 604 2400 nobis
626 2338 789 2402 mutabere
811 2337 920 2422 culpa,

156 2419 359 2484 Vestibulum
383 2421 502 2484 iaceam
527 2425 671 2485 mortuus
693 2426 768 2487 ante
790 2426 890 2488 tuum.

550 2553 667 2561 -—-—

442 2700 446 2706 .
495 2553 563 2709 vn
591 2637 699 2730 [nvp

116 2757 216 2824 Ome
239 2760 378 2824 feliceml
404 2780 422 2824 o
446 2782 510 2823 nox
532 2760 612 2826 mihi
634 2760 776 2842 candida,
800 2764 832 2824 et
854 2782 872 2823 o
894 2769 931 2824 tu

157 2843 287 2909 Lectule
310 2843 431 2907 deliciis
453 2845 538 2909 facte
561 2846 651 2909 beate
673 2846 768 2909 meis!

116 2928 218 3004 Quam
239 2930 340 2992 multa
362 2929 508 3011 adposita
529 2951 695 2993 narramus
719 2929 813 2992 verba
835 2929 979 3011 lucerna,

157 3013 344 3097 Quantaque
367 3013 491 3077 sublato
515 3015 634 3077 lumine
656 3015 725 3076 rixa
746 3014 820 3076 fuit!

116 3097 198 3162 Nam
220 3100 315 3161 modo
338 3099 465 3161 nudatis
488 3103 643 3162 mecnmst
666 3098 785 3160 luctata
807 3096 954 3180 papillis,
1061 3107 1078 3159 5

156 3183 322 3246 Interdum
344 3183 453 3246 tunica
475 3183 565 3246 duxit
587 3187 697 3265 operta
718 3202 849 3244 moram.

115 3267 176 3331 Illa
197 3289 286 3330 meos
309 3289 422 3332 somno
445 3268 552 3350 lapsos
574 3267 726 3350 patefecit
747 3266 866 3330 ocellos

158 3353 221 3416 Ore
244 3374 301 3416 suo
324 3357 357 3416 et
379 3352 459 3415 dixit
482 3353 607 3434 ‘sicine
631 3352 726 3430 lente,
749 3349 874 3415 iacesl'

115 3437 219 3513 Quam
241 3439 327 3501 vario
351 3440 498 3521 amplexu
520 3442 679 3501 mutamus
701 3436 843 3499 brachia!
868 3437 1020 3518 quantum

158 3523 275 3589 Oscula
298 3528 372 3587 sunt
394 3523 491 3587 labris
513 3529 625 3588 nostra
646 3524 770 3585 morata
791 3522 869 3587 tuisl
1045 3532 1078 3581 ιο
