2392 3990
58 234 159 306 xxm]
344 291 347 296 ,
452 233 559 286 ciana
580 233 629 288 nu

102 396 149 460 Et
169 396 274 478 patria
295 394 425 459 Phoebo
449 395 551 459 carius
575 395 719 480 Ortygia.
995 407 1027 454 ιο

58 480 99 546 In
123 501 185 563 quo
209 480 293 545 Solis
315 484 383 543 erat
405 501 501 563 supra
522 479 652 562 fastigia
674 501 798 563 curruS,

103 563 147 627 Et
168 564 293 646 valvae,
316 563 427 647 Libyci
449 564 558 627 nobile
580 563 685 628 dentis
707 585 803 648 opus,

58 650 173 713 Altera
196 648 336 713 deiectos
358 647 492 712 Parnasi
514 650 631 712 vertice
655 648 781 730 Gallos,

102 734 216 798 Altera
237 732 400 796 maerebat
419 732 533 796 funera
554 732 750 797 Tantalidos.

59 817 187 883 Deinde
209 817 294 880 inter
315 820 450 880 matrem
473 816 550 880 deus
571 818 640 901 ipse
663 818 807 899 interque
829 835 971 879 sororem
994 830 1026 876 15

103 899 238 986 Pythius
261 902 296 964 in
317 901 416 986 longa
438 902 580 965 carmina
601 905 689 966 veste
712 903 814 964 sonat.

376 1086 493 1190 'xxx
522 1117 699 1212 [annm.

60 1239 126 1316 Qui
146 1239 247 1323 videt,
271 1240 299 1304 is
320 1244 446 1324 peccat:
469 1241 523 1323 qui
544 1246 576 1304 te
599 1262 666 1304 non
687 1238 804 1304 viderit
826 1260 902 1324 ergo
910 1288 919 1322 ,

104 1323 181 1389 Non
204 1325 322 1409 cupiet:
346 1325 422 1390 facti
445 1325 566 1389 lumina
588 1326 708 1389 crimen
730 1325 859 1388 habent.

60 1409 148 1474 Nam
170 1409 247 1557 puid
269 1409 433 1473 Praenesti
456 1408 583 1492 dubias,
607 1431 626 1474 o
650 1407 802 1493 Cynthia,
825 1413 942 1491 sortes,

106 1492 168 1568 Qui
211 1494 295 1576 petis
317 1494 417 1558 Aeaei
439 1495 566 1557 moenia
587 1493 762 1579 Telegoni?

61 1577 207 1644 Ouraut
227 1581 260 1642 te
281 1577 474 1641 Herculeum
497 1577 667 1662 deportant
688 1578 798 1643 esseda
819 1575 939 1641 Tibur?
1010 1589 1027 1637 5

105 1662 213 1747 Appia
235 1683 291 1726 cur
310 1663 430 1725 'totiens
452 1667 485 1725 te
506 1664 558 1725 via
580 1664 668 1728 ducit
689 1663 808 1727 anus?-

61 1746 134 1810 Hoc
155 1747 279 1819 utinam
300 1748 437 1830 spatiere
458 1748 545 1829 loco,
570 1748 790 1831 quodcumque
811 1746 953 1829 vacabis,

109 1830 261 1914 Cynthia!
284 1853 359 1895 nam
381 1832 441 1894 tibi
462 1853 513 1895 me
536 1832 663 1896 credere
685 1833 778 1896 turba
799 1835 900 1913 vetat,

62 1915 147 1981 Cum
170 1915 256 1979 videt
277 1916 418 1979 accensis
440 1917 586 1979 devotam
609 1938 733 1980 currere
755 1915 856 1979 taedis

108 1999 148 2063 ln
168 2021 282 2063 nemus
305 2004 337 2063 et
358 1999 483 2063 Triviae
505 2001 628 2064 lumina
649 2001 731 2064 ferre
755 2000 839 2063 deae.
998 2011 1028 2059 10

63 2083 195 2150 Scilicet
216 2084 374 2147 umbrosis
397 2085 505 2148 sordet
526 2085 679 2168 Pompeia
701 2085 856 2148 columnis

107 2168 268 2252 Porticus,
291 2168 409 2232 aulaeis
431 2169 548 2232 nobilis
571 2170 734 2250 Attalicis,

61 2253 110 2318 Et
130 2253 240 2317 creber
260 2253 400 2336 platanis
422 2253 541 2336 pariter
564 2255 767 2351 surgentibus
789 2251 884 2336 ordo,

107 2337 256 2401 Flumina
278 2339 380 2420 sopito
403 2359 544 2421 quaeque
566 2339 694 2402 Amone
717 2337 848 2418 cadunt,
1041 2387 1052 2422 Ἰ.

62 2421 128 2486 Tot
150 2422 262 2485 leviter
284 2421 422 2506 lymphis
444 2427 513 2486 tota
536 2423 763 2506 crepitantibus
785 2421 862 2485 urbe
998 2432 1028 2481 15

108 2505 190 2571 Cum
212 2506 317 2570 subito
341 2506 455 2570 Triton
477 2529 531 2570 ore
552 2508 698 2571 recondit
719 2528 840 2590 aquam.

62 2590 216 2673 Falleris,
239 2590 301 2653 ista
322 2590 369 2653 tui
390 2591 510 2654 furtum
533 2593 585 2655 via
606 2595 765 2655 monstrat
787 2591 918 2654 amoris:
940 2625 944 2633 ·

107 2673 185 2740 Non
206 2675 333 2756 urbem,
358 2675 502 2758 demens,
526 2676 647 2740 lumina
668 2680 779 2739 nostra
799 2675 900 2759 fugis:

62 2758 123 2826 Nil
145 2759 230 2845 agis,
253 2759 386 2822 insidias
409 2762 443 2823 in
464 2783 515 2824 me
538 2761 693 2846 conponis
715 2761 840 2841 inanes,

108 2843 227 2908 Tendis
248 2844 334 2907 iners
357 2844 451 2909 docto
474 2846 555 2909 retia
576 2849 653 2911 nota
674 2845 763 2908 mihi.
995 2855 1029 2903 20

64 2928 131 2994 Sed
153 2928 192 2992 de
214 2950 265 2991 me
287 2929 393 2992 minus
416 2933 478 2994 est:
501 2933 605 2994 famae
627 2933 748 2994 iactura
769 2927 901 3012 pudicae

108 3012 213 3077 Tanta
235 3012 294 3076 tibi
316 3014 464 3096 miserae,
488 3019 606 3097 quanta
627 3013 773 3094 mereris,
797 3012 865 3076 erit.

63 3097 177 3182 Nuper
199 3097 284 3161 enim
307 3098 345 3161 de
368 3103 399 3162 te
422 3103 547 3163 nostras
569 3100 650 3181 †1ue
672 3097 770 3161 laedit
791 3096 832 3159 ad
854 3117 943 3159 aures

108 3183 245 3265 Rumor,
268 3188 300 3246 et
320 3181 355 3245 in
376 3187 445 3246 tota
466 3205 532 3247 non
554 3184 656 3247 bonus
678 3183 755 3245 urbe
777 3181 847 3245 fuit.
952 3199 956 3250 ζ

65 3267 129 3332 Sed
151 3269 276 3330 tu'non
298 3266 393 3330 debes
415 3266 562 3332 inimicae
586 3267 712 3332 credere
734 3267 877 3350 linguae:
996 3277 1028 3325 25

10 3416 12 3421 .
109 3350 242 3434 Semper
263 3351 412 3415 formosis
434 3351 542 3415 fabula
563 3373 667 3436 poena
688 3351 757 3414 fuit.

66 3435 143 3502 Non
165 3438 220 3499 tua
243 3435 398 3518 deprenso
422 3436 601 3500 damnatast
622 3437 709 3499 fama
728 3456 865 3500 veneno:

109 3520 216 3585 Testis
239 3521 300 3584 eris
323 3543 434 3605 puras,
458 3520 601 3604 Phoebe,
625 3519 732 3584 videre
754 3539 876 3586 manus.
