<?xml version="1.0" encoding="UTF-8"?>
<!DOCTYPE html PUBLIC "-//W3C//DTD XHTML 1.0 Transitional//EN"
    "http://www.w3.org/TR/xhtml1/DTD/xhtml1-transitional.dtd">
<html xmlns="http://www.w3.org/1999/xhtml" xml:lang="en" lang="en">
 <head>
  <title>
</title>
<meta http-equiv="Content-Type" content="text/html;charset=utf-8" />
  <meta name='ocr-system' content='tesseract 3.04.00' />
  <meta name='ocr-capabilities' content='ocr_page ocr_carea ocr_par ocr_line ocrx_word'/>
</head>
<body>
  <div class='ocr_page' id='page_1' title='image "./sexrecensvitlvc00propgoog_0099.png"; bbox 0 0 2392 3990; ppageno 0'>
   <div class='ocr_carea' id='block_1_1' title="bbox 128 152 1114 277">
    <p class='ocr_par' dir='ltr' id='par_1_1' title="bbox 128 152 1114 277">
     <span class='ocr_line' id='line_1_1' title="bbox 128 152 1114 277; baseline -0.002 -15"><span class='ocrx_word' id='word_1_1' title='bbox 128 199 169 262; x_wconf 84' lang='lat'>88</span> <span class='ocrx_word' id='word_1_2' title='bbox 501 205 696 260; x_wconf 77' lang='lat' dir='ltr'>moenum</span> <span class='ocrx_word' id='word_1_3' title='bbox 994 209 1070 277; x_wconf 79' lang='lat' dir='ltr'>[nn.</span> <span class='ocrx_word' id='word_1_4' title='bbox 1112 152 1114 169; x_wconf 40' lang='grc' dir='ltr'>Ι</span> 
     </span>
    </p>
   </div>
   <div class='ocr_carea' id='block_1_2' title="bbox 132 367 1081 1972">
    <p class='ocr_par' dir='ltr' id='par_1_2' title="bbox 132 367 1081 1972">
     <span class='ocr_line' id='line_1_2' title="bbox 178 367 1072 516; baseline 0 -84"><span class='ocrx_word' id='word_1_5' title='bbox 178 369 265 454; x_wconf 86' lang='lat' dir='ltr'>Ergo</span> <span class='ocrx_word' id='word_1_6' title='bbox 302 390 362 453; x_wconf 91' lang='lat' dir='ltr'>ego</span> <span class='ocrx_word' id='word_1_7' title='bbox 397 390 483 432; x_wconf 89' lang='lat' dir='ltr'>nune</span> <span class='ocrx_word' id='word_1_8' title='bbox 518 368 605 432; x_wconf 89' lang='lat' dir='ltr'>rudis</span> <span class='ocrx_word' id='word_1_9' title='bbox 640 367 769 516; x_wconf 63' lang='lat' dir='ltr'>Adriqci</span> <span class='ocrx_word' id='word_1_10' title='bbox 805 368 902 432; x_wconf 85' lang='lat' dir='ltr'>vehar</span> <span class='ocrx_word' id='word_1_11' title='bbox 932 370 1072 452; x_wconf 87' lang='lat' dir='ltr'>aequoris</span> 
     </span>
     <span class='ocr_line' id='line_1_3' title="bbox 745 475 853 535; baseline 0 -19"><span class='ocrx_word' id='word_1_12' title='bbox 745 475 780 516; x_wconf 87' lang='lat' dir='ltr'>os</span> <span class='ocrx_word' id='word_1_13' title='bbox 804 475 837 517; x_wconf 90' lang='lat' dir='ltr'>es</span> <span class='ocrx_word' id='word_1_14' title='bbox 844 503 853 535; x_wconf 94' lang='lat'>,</span> 
     </span>
     <span class='ocr_line' id='line_1_4' title="bbox 221 476 1020 622; baseline -0.004 -18"><span class='ocrx_word' id='word_1_15' title='bbox 221 537 327 622; x_wconf 88' lang='lat' dir='ltr'>Cogar</span> <span class='ocrx_word' id='word_1_16' title='bbox 348 540 381 602; x_wconf 88' lang='lat' dir='ltr'>et</span> <span class='ocrx_word' id='word_1_17' title='bbox 402 537 577 602; x_wconf 90' lang='lat' dir='ltr'>undisonos</span> <span class='ocrx_word' id='word_1_18' title='bbox 599 559 686 602; x_wconf 91' lang='lat' dir='ltr'>nunc</span> <span class='ocrx_word' id='word_1_19' title='bbox 707 476 802 621; x_wconf 71' lang='lat' dir='ltr'>precli</span> <span class='ocrx_word' id='word_1_20' title='bbox 823 537 910 601; x_wconf 90' lang='lat' dir='ltr'>adire</span> <span class='ocrx_word' id='word_1_21' title='bbox 933 537 1020 601; x_wconf 89' lang='lat' dir='ltr'>deos.</span> 
     </span>
     <span class='ocr_line' id='line_1_5' title="bbox 178 619 1027 706; baseline 0 -20"><span class='ocrx_word' id='word_1_22' title='bbox 178 622 302 687; x_wconf 83' lang='lat' dir='ltr'>Deinde</span> <span class='ocrx_word' id='word_1_23' title='bbox 323 645 380 706; x_wconf 88' lang='lat' dir='ltr'>per</span> <span class='ocrx_word' id='word_1_24' title='bbox 401 619 528 686; x_wconf 93' lang='lat' dir='ltr'>Ionium</span> <span class='ocrx_word' id='word_1_25' title='bbox 550 626 659 686; x_wconf 88' lang='lat' dir='ltr'>vectus</span> <span class='ocrx_word' id='word_1_26' title='bbox 682 643 754 686; x_wconf 93' lang='lat' dir='ltr'>cum</span> <span class='ocrx_word' id='word_1_27' title='bbox 775 623 861 685; x_wconf 87' lang='lat' dir='ltr'>fessa</span> <span class='ocrx_word' id='word_1_28' title='bbox 881 620 1027 686; x_wconf 80' lang='lat' dir='ltr'>Lechaeo</span> 
     </span>
     <span class='ocr_line' id='line_1_6' title="bbox 133 706 874 790; baseline 0 -21"><span class='ocrx_word' id='word_1_29' title='bbox 133 722 163 769; x_wconf 71' lang='lat' dir='ltr'>eo</span> <span class='ocrx_word' id='word_1_30' title='bbox 221 708 345 771; x_wconf 83' lang='lat' dir='ltr'>Sedarit</span> <span class='ocrx_word' id='word_1_31' title='bbox 366 706 493 790; x_wconf 86' lang='lat' dir='ltr'>placida</span> <span class='ocrx_word' id='word_1_32' title='bbox 513 706 585 770; x_wconf 85' lang='lat' dir='ltr'>vela</span> <span class='ocrx_word' id='word_1_33' title='bbox 605 706 754 789; x_wconf 85' lang='lat' dir='ltr'>phaselus</span> <span class='ocrx_word' id='word_1_34' title='bbox 777 728 874 789; x_wconf 87' lang='lat' dir='ltr'>aqua,</span> 
     </span>
     <span class='ocr_line' id='line_1_7' title="bbox 181 790 1075 875; baseline -0.001 -20"><span class='ocrx_word' id='word_1_35' title='bbox 181 791 273 866; x_wconf 84' lang='lat' dir='ltr'>Quod</span> <span class='ocrx_word' id='word_1_36' title='bbox 287 795 445 875; x_wconf 78' lang='lat' dir='ltr'>superest,</span> <span class='ocrx_word' id='word_1_37' title='bbox 467 791 595 855; x_wconf 87' lang='lat' dir='ltr'>sufferte</span> <span class='ocrx_word' id='word_1_38' title='bbox 609 791 720 874; x_wconf 88' lang='lat' dir='ltr'>pedes,</span> <span class='ocrx_word' id='word_1_39' title='bbox 736 793 905 874; x_wconf 89' lang='lat' dir='ltr'>properate</span> <span class='ocrx_word' id='word_1_40' title='bbox 919 790 1075 873; x_wconf 86' lang='lat' dir='ltr'>laborem,</span> 
     </span>
     <span class='ocr_line' id='line_1_8' title="bbox 222 876 979 959; baseline 0 -19"><span class='ocrx_word' id='word_1_41' title='bbox 222 876 363 940; x_wconf 79' lang='lat' dir='ltr'><strong>Isthmos</strong></span> <span class='ocrx_word' id='word_1_42' title='bbox 386 877 562 959; x_wconf 83' lang='lat' dir='ltr'>quaternis</span> <span class='ocrx_word' id='word_1_43' title='bbox 584 881 672 939; x_wconf 89' lang='lat' dir='ltr'>arcet</span> <span class='ocrx_word' id='word_1_44' title='bbox 692 880 860 959; x_wconf 85' lang='lat' dir='ltr'>utrumque</span> <span class='ocrx_word' id='word_1_45' title='bbox 882 898 979 940; x_wconf 91' lang='lat' dir='ltr'>mare.</span> 
     </span>
     <span class='ocr_line' id='line_1_9' title="bbox 180 959 958 1044; baseline -0.001 -19"><span class='ocrx_word' id='word_1_46' title='bbox 180 961 258 1026; x_wconf 93' lang='lat' dir='ltr'>Inde</span> <span class='ocrx_word' id='word_1_47' title='bbox 281 961 335 1024; x_wconf 89' lang='lat' dir='ltr'>ubi</span> <span class='ocrx_word' id='word_1_48' title='bbox 356 959 459 1023; x_wconf 84' lang='lat' dir='ltr'>Piraei</span> <span class='ocrx_word' id='word_1_49' title='bbox 481 961 609 1044; x_wconf 89' lang='lat' dir='ltr'>capient</span> <span class='ocrx_word' id='word_1_50' title='bbox 629 982 680 1024; x_wconf 89' lang='lat' dir='ltr'>me</span> <span class='ocrx_word' id='word_1_51' title='bbox 702 960 811 1024; x_wconf 90' lang='lat' dir='ltr'>littora</span> <span class='ocrx_word' id='word_1_52' title='bbox 832 962 958 1042; x_wconf 90' lang='lat' dir='ltr'>portus,</span> 
     </span>
     <span class='ocr_line' id='line_1_10' title="bbox 223 1044 1000 1128; baseline -0.003 -18"><span class='ocrx_word' id='word_1_53' title='bbox 223 1046 379 1110; x_wconf 84' lang='lat' dir='ltr'>Scandam</span> <span class='ocrx_word' id='word_1_54' title='bbox 401 1066 461 1128; x_wconf 92' lang='lat' dir='ltr'>ego</span> <span class='ocrx_word' id='word_1_55' title='bbox 484 1044 624 1108; x_wconf 80' lang='lat' dir='ltr'>Theseae</span> <span class='ocrx_word' id='word_1_56' title='bbox 645 1045 778 1108; x_wconf 86' lang='lat' dir='ltr'>brachia</span> <span class='ocrx_word' id='word_1_57' title='bbox 799 1045 896 1128; x_wconf 90' lang='lat' dir='ltr'>longa</span> <span class='ocrx_word' id='word_1_58' title='bbox 918 1045 1000 1108; x_wconf 78' lang='lat' dir='ltr'>¹viae.</span> 
     </span>
     <span class='ocr_line' id='line_1_11' title="bbox 132 1129 979 1194; baseline 0 -2"><span class='ocrx_word' id='word_1_59' title='bbox 132 1146 164 1192; x_wconf 76' lang='lat'>25</span> <span class='ocrx_word' id='word_1_60' title='bbox 180 1131 251 1194; x_wconf 87' lang='lat' dir='ltr'>Illic</span> <span class='ocrx_word' id='word_1_61' title='bbox 273 1134 328 1193; x_wconf 93' lang='lat' dir='ltr'>aut</span> <span class='ocrx_word' id='word_1_62' title='bbox 349 1129 460 1191; x_wconf 90' lang='lat' dir='ltr'>stadiis</span> <span class='ocrx_word' id='word_1_63' title='bbox 482 1129 623 1192; x_wconf 88' lang='lat' dir='ltr'>animum</span> <span class='ocrx_word' id='word_1_64' title='bbox 645 1129 813 1192; x_wconf 89' lang='lat' dir='ltr'>emendare</span> <span class='ocrx_word' id='word_1_65' title='bbox 834 1129 979 1193; x_wconf 75' lang='lat' dir='ltr'>Platonis</span> 
     </span>
     <span class='ocr_line' id='line_1_12' title="bbox 223 1213 984 1297; baseline -0.001 -19"><span class='ocrx_word' id='word_1_66' title='bbox 223 1215 379 1297; x_wconf 84' lang='lat' dir='ltr'>Incipiam</span> <span class='ocrx_word' id='word_1_67' title='bbox 401 1217 455 1276; x_wconf 92' lang='lat' dir='ltr'>aut</span> <span class='ocrx_word' id='word_1_68' title='bbox 476 1214 592 1295; x_wconf 87' lang='lat' dir='ltr'>hortis,</span> <span class='ocrx_word' id='word_1_69' title='bbox 617 1213 709 1277; x_wconf 89' lang='lat' dir='ltr'>docte</span> <span class='ocrx_word' id='word_1_70' title='bbox 729 1213 882 1296; x_wconf 84' lang='lat' dir='ltr'>Epicure,</span> <span class='ocrx_word' id='word_1_71' title='bbox 904 1213 984 1296; x_wconf 86' lang='lat' dir='ltr'>tuis,</span> 
     </span>
     <span class='ocr_line' id='line_1_13' title="bbox 180 1297 1078 1382; baseline -0.003 -19"><span class='ocrx_word' id='word_1_72' title='bbox 180 1300 355 1382; x_wconf 88' lang='lat' dir='ltr'>Persequar</span> <span class='ocrx_word' id='word_1_73' title='bbox 370 1301 425 1361; x_wconf 88' lang='lat' dir='ltr'>aut</span> <span class='ocrx_word' id='word_1_74' title='bbox 439 1298 579 1361; x_wconf 90' lang='lat' dir='ltr'>studium</span> <span class='ocrx_word' id='word_1_75' title='bbox 593 1298 731 1381; x_wconf 81' lang='lat' dir='ltr'>linguae,</span> <span class='ocrx_word' id='word_1_76' title='bbox 743 1297 970 1361; x_wconf 77' lang='lat' dir='ltr'>Demosthenis</span> <span class='ocrx_word' id='word_1_77' title='bbox 982 1318 1078 1379; x_wconf 88' lang='lat' dir='ltr'>arma,</span> 
     </span>
     <span class='ocr_line' id='line_1_14' title="bbox 223 1382 953 1466; baseline -0.001 -19"><span class='ocrx_word' id='word_1_78' title='bbox 223 1383 410 1466; x_wconf 88' lang='lat' dir='ltr'>Libaboque</span> <span class='ocrx_word' id='word_1_79' title='bbox 432 1390 518 1465; x_wconf 80' lang='lat' dir='ltr'>tuoe,</span> <span class='ocrx_word' id='word_1_80' title='bbox 543 1383 621 1446; x_wconf 89' lang='lat' dir='ltr'>scite</span> <span class='ocrx_word' id='word_1_81' title='bbox 643 1382 833 1463; x_wconf 83' lang='lat' dir='ltr'>Menandre,</span> <span class='ocrx_word' id='word_1_82' title='bbox 856 1383 953 1466; x_wconf 84' lang='lat' dir='ltr'>sales3</span> 
     </span>
     <span class='ocr_line' id='line_1_15' title="bbox 182 1467 1011 1550; baseline -0.004 -18"><span class='ocrx_word' id='word_1_83' title='bbox 182 1470 249 1532; x_wconf 87' lang='lat' dir='ltr'>Aut</span> <span class='ocrx_word' id='word_1_84' title='bbox 270 1471 354 1532; x_wconf 87' lang='lat' dir='ltr'>certe</span> <span class='ocrx_word' id='word_1_85' title='bbox 377 1467 502 1530; x_wconf 89' lang='lat' dir='ltr'>tabulae</span> <span class='ocrx_word' id='word_1_86' title='bbox 525 1467 652 1550; x_wconf 80' lang='lat' dir='ltr'>capient</span> <span class='ocrx_word' id='word_1_87' title='bbox 672 1487 743 1530; x_wconf 89' lang='lat' dir='ltr'>mea</span> <span class='ocrx_word' id='word_1_88' title='bbox 765 1467 885 1530; x_wconf 89' lang='lat' dir='ltr'>lumina</span> <span class='ocrx_word' id='word_1_89' title='bbox 906 1467 1011 1550; x_wconf 89' lang='lat' dir='ltr'>pictae</span> 
     </span>
     <span class='ocr_line' id='line_1_16' title="bbox 134 1551 1011 1634; baseline -0.001 -20"><span class='ocrx_word' id='word_1_90' title='bbox 134 1567 166 1615; x_wconf 75' lang='lat'>30</span> <span class='ocrx_word' id='word_1_91' title='bbox 224 1553 296 1618; x_wconf 85' lang='lat' dir='ltr'>Sive</span> <span class='ocrx_word' id='word_1_92' title='bbox 318 1553 413 1615; x_wconf 89' lang='lat' dir='ltr'>ebore</span> <span class='ocrx_word' id='word_1_93' title='bbox 435 1554 563 1614; x_wconf 85' lang='lat' dir='ltr'>exactae</span> <span class='ocrx_word' id='word_1_94' title='bbox 586 1573 641 1614; x_wconf 91' lang='lat' dir='ltr'>seu</span> <span class='ocrx_word' id='word_1_95' title='bbox 663 1551 765 1634; x_wconf 89' lang='lat' dir='ltr'>magis</span> <span class='ocrx_word' id='word_1_96' title='bbox 788 1573 859 1614; x_wconf 91' lang='lat' dir='ltr'>aere</span> <span class='ocrx_word' id='word_1_97' title='bbox 882 1572 1011 1634; x_wconf 78' lang='lat' dir='ltr'>manus3</span> 
     </span>
     <span class='ocr_line' id='line_1_17' title="bbox 181 1633 1081 1720; baseline -0.004 -19"><span class='ocrx_word' id='word_1_98' title='bbox 181 1640 249 1701; x_wconf 90' lang='lat' dir='ltr'>Aut</span> <span class='ocrx_word' id='word_1_99' title='bbox 271 1637 374 1720; x_wconf 88' lang='lat' dir='ltr'>spatia</span> <span class='ocrx_word' id='word_1_100' title='bbox 395 1657 552 1699; x_wconf 90' lang='lat' dir='ltr'>annorum</span> <span class='ocrx_word' id='word_1_101' title='bbox 567 1640 622 1698; x_wconf 92' lang='lat' dir='ltr'>aut</span> <span class='ocrx_word' id='word_1_102' title='bbox 635 1637 734 1720; x_wconf 90' lang='lat' dir='ltr'>longa</span> <span class='ocrx_word' id='word_1_103' title='bbox 747 1636 916 1698; x_wconf 89' lang='lat' dir='ltr'>intervalla</span> <span class='ocrx_word' id='word_1_104' title='bbox 929 1633 1081 1718; x_wconf 83' lang='lat' dir='ltr'>profundi</span> 
     </span>
     <span class='ocr_line' id='line_1_18' title="bbox 224 1721 896 1785; baseline -0.004 0"><span class='ocrx_word' id='word_1_105' title='bbox 224 1721 385 1785; x_wconf 88' lang='lat' dir='ltr'>Lenibunt</span> <span class='ocrx_word' id='word_1_106' title='bbox 406 1721 504 1784; x_wconf 87' lang='lat' dir='ltr'>tacito</span> <span class='ocrx_word' id='word_1_107' title='bbox 527 1721 655 1784; x_wconf 84' lang='lat' dir='ltr'>volnera</span> <span class='ocrx_word' id='word_1_108' title='bbox 676 1724 787 1784; x_wconf 88' lang='lat' dir='ltr'>nostra</span> <span class='ocrx_word' id='word_1_109' title='bbox 808 1721 896 1783; x_wconf 90' lang='lat' dir='ltr'>sinu:</span> 
     </span>
     <span class='ocr_line' id='line_1_19' title="bbox 183 1805 985 1888; baseline -0.006 -17"><span class='ocrx_word' id='word_1_110' title='bbox 183 1806 245 1872; x_wconf 82' lang='lat' dir='ltr'>Seu</span> <span class='ocrx_word' id='word_1_111' title='bbox 267 1805 399 1885; x_wconf 85' lang='lat' dir='ltr'>moriar,</span> <span class='ocrx_word' id='word_1_112' title='bbox 421 1805 504 1887; x_wconf 87' lang='lat' dir='ltr'>fato,</span> <span class='ocrx_word' id='word_1_113' title='bbox 526 1826 593 1868; x_wconf 93' lang='lat' dir='ltr'>non</span> <span class='ocrx_word' id='word_1_114' title='bbox 614 1806 700 1888; x_wconf 89' lang='lat' dir='ltr'>turpi</span> <span class='ocrx_word' id='word_1_115' title='bbox 722 1805 841 1867; x_wconf 83' lang='lat' dir='ltr'>fractus</span> <span class='ocrx_word' id='word_1_116' title='bbox 864 1824 985 1885; x_wconf 69' lang='lat' dir='ltr'>amore,</span> 
     </span>
     <span class='ocr_line' id='line_1_20' title="bbox 224 1887 979 1972; baseline -0.003 -19"><span class='ocrx_word' id='word_1_117' title='bbox 224 1894 331 1972; x_wconf 90' lang='lat' dir='ltr'>Atque</span> <span class='ocrx_word' id='word_1_118' title='bbox 354 1889 414 1952; x_wconf 86' lang='lat' dir='ltr'>erit</span> <span class='ocrx_word' id='word_1_119' title='bbox 435 1889 490 1952; x_wconf 91' lang='lat' dir='ltr'>illa</span> <span class='ocrx_word' id='word_1_120' title='bbox 511 1889 591 1953; x_wconf 89' lang='lat' dir='ltr'>mihi</span> <span class='ocrx_word' id='word_1_121' title='bbox 613 1891 724 1952; x_wconf 89' lang='lat' dir='ltr'>mortis</span> <span class='ocrx_word' id='word_1_122' title='bbox 746 1888 881 1952; x_wconf 89' lang='lat' dir='ltr'>honesta</span> <span class='ocrx_word' id='word_1_123' title='bbox 903 1887 979 1951; x_wconf 81' lang='lat' dir='ltr'>dies</span> 
     </span>
    </p>
   </div>
   <div class='ocr_carea' id='block_1_3' title="bbox 540 2105 653 2177">
    <p class='ocr_par' dir='ltr' id='par_1_3' title="bbox 540 2105 653 2177">
     <span class='ocr_line' id='line_1_21' title="bbox 540 2105 653 2177; baseline -0.027 0"><span class='ocrx_word' id='word_1_124' title='bbox 540 2105 653 2177; x_wconf 88' lang='lat' dir='ltr'>XXII.</span> 
     </span>
    </p>
   </div>
   <div class='ocr_carea' id='block_1_4' title="bbox 141 2224 1083 3576">
    <p class='ocr_par' dir='ltr' id='par_1_4' title="bbox 141 2224 1083 3576">
     <span class='ocr_line' id='line_1_22' title="bbox 183 2224 1064 2310; baseline -0.006 -17"><span class='ocrx_word' id='word_1_125' title='bbox 183 2228 236 2294; x_wconf 84' lang='lat' dir='ltr'>Fri</span> <span class='ocrx_word' id='word_1_126' title='bbox 264 2230 401 2293; x_wconf 88' lang='lat' dir='ltr'>&#39;datam</span> <span class='ocrx_word' id='word_1_127' title='bbox 423 2228 541 2292; x_wconf 89' lang='lat' dir='ltr'>multos</span> <span class='ocrx_word' id='word_1_128' title='bbox 563 2228 684 2310; x_wconf 90' lang='lat' dir='ltr'>placuit</span> <span class='ocrx_word' id='word_1_129' title='bbox 705 2226 764 2290; x_wconf 88' lang='lat' dir='ltr'>tibi</span> <span class='ocrx_word' id='word_1_130' title='bbox 787 2224 920 2308; x_wconf 80' lang='lat' dir='ltr'>Cyzicus</span> <span class='ocrx_word' id='word_1_131' title='bbox 943 2247 1064 2309; x_wconf 88' lang='lat' dir='ltr'>annos,</span> 
     </span>
     <span class='ocr_line' id='line_1_23' title="bbox 254 2310 1025 2395; baseline -0.004 -19"><span class='ocrx_word' id='word_1_132' title='bbox 254 2315 333 2395; x_wconf 91' lang='lat' dir='ltr'>ulle,</span> <span class='ocrx_word' id='word_1_133' title='bbox 355 2313 568 2395; x_wconf 88' lang='lat' dir='ltr'>Propontiaca</span> <span class='ocrx_word' id='word_1_134' title='bbox 590 2332 652 2394; x_wconf 90' lang='lat' dir='ltr'>qua</span> <span class='ocrx_word' id='word_1_135' title='bbox 672 2311 744 2375; x_wconf 88' lang='lat' dir='ltr'>fluit</span> <span class='ocrx_word' id='word_1_136' title='bbox 764 2310 903 2373; x_wconf 89' lang='lat' dir='ltr'>Isthmos</span> <span class='ocrx_word' id='word_1_137' title='bbox 926 2332 1025 2393; x_wconf 90' lang='lat' dir='ltr'>aqua,</span> 
     </span>
     <span class='ocr_line' id='line_1_24' title="bbox 183 2393 986 2481; baseline -0.005 -20"><span class='ocrx_word' id='word_1_138' title='bbox 183 2397 363 2481; x_wconf 83' lang='lat' dir='ltr'>Dindymus</span> <span class='ocrx_word' id='word_1_139' title='bbox 385 2399 417 2460; x_wconf 91' lang='lat' dir='ltr'>et</span> <span class='ocrx_word' id='word_1_140' title='bbox 439 2417 527 2459; x_wconf 90' lang='lat' dir='ltr'>sacra</span> <span class='ocrx_word' id='word_1_141' title='bbox 548 2395 736 2458; x_wconf 87' lang='lat' dir='ltr'>fabricatae</span> <span class='ocrx_word' id='word_1_142' title='bbox 758 2395 821 2457; x_wconf 90' lang='lat' dir='ltr'>vite</span> <span class='ocrx_word' id='word_1_143' title='bbox 844 2393 986 2476; x_wconf 80' lang='lat' dir='ltr'>Cybebe,</span> 
     </span>
     <span class='ocr_line' id='line_1_25' title="bbox 226 2478 930 2565; baseline -0.006 -20"><span class='ocrx_word' id='word_1_144' title='bbox 226 2481 438 2565; x_wconf 85' lang='lat' dir='ltr'>Raptorisque</span> <span class='ocrx_word' id='word_1_145' title='bbox 459 2480 534 2543; x_wconf 82' lang='lat' dir='ltr'>tulit</span> <span class='ocrx_word' id='word_1_146' title='bbox 556 2501 618 2562; x_wconf 93' lang='lat' dir='ltr'>qua</span> <span class='ocrx_word' id='word_1_147' title='bbox 639 2480 691 2542; x_wconf 84' lang='lat' dir='ltr'>via</span> <span class='ocrx_word' id='word_1_148' title='bbox 711 2478 796 2542; x_wconf 90' lang='lat' dir='ltr'>Ditis</span> <span class='ocrx_word' id='word_1_149' title='bbox 819 2500 930 2563; x_wconf 81' lang='lat' dir='ltr'>equos3</span> 
     </span>
     <span class='ocr_line' id='line_1_26' title="bbox 157 2563 1048 2646; baseline -0.004 -16"><span class='ocrx_word' id='word_1_150' title='bbox 157 2580 172 2630; x_wconf 84' lang='lat'><strong>5</strong></span> <span class='ocrx_word' id='word_1_151' title='bbox 189 2567 223 2632; x_wconf 85' lang='lat' dir='ltr'>Si</span> <span class='ocrx_word' id='word_1_152' title='bbox 243 2570 276 2629; x_wconf 90' lang='lat' dir='ltr'>te</span> <span class='ocrx_word' id='word_1_153' title='bbox 298 2566 381 2629; x_wconf 87' lang='lat' dir='ltr'>forte</span> <span class='ocrx_word' id='word_1_154' title='bbox 402 2566 513 2629; x_wconf 85' lang='lat' dir='ltr'>iuvant</span> <span class='ocrx_word' id='word_1_155' title='bbox 534 2563 643 2627; x_wconf 91' lang='lat' dir='ltr'>Helles</span> <span class='ocrx_word' id='word_1_156' title='bbox 666 2563 913 2627; x_wconf 87' lang='lat' dir='ltr'>Athamantidos</span> <span class='ocrx_word' id='word_1_157' title='bbox 934 2564 1048 2646; x_wconf 92' lang='lat' dir='ltr'>urbes,</span> 
     </span>
     <span class='ocr_line' id='line_1_27' title="bbox 215 2648 871 2731; baseline -0.008 -16"><span class='ocrx_word' id='word_1_158' title='bbox 215 2650 297 2715; x_wconf 21' lang='lat' dir='ltr'>,Nec</span> <span class='ocrx_word' id='word_1_159' title='bbox 319 2648 489 2731; x_wconf 88' lang='lat' dir='ltr'>desiderio,</span> <span class='ocrx_word' id='word_1_160' title='bbox 513 2648 620 2730; x_wconf 83' lang='lat' dir='ltr'>Tulle,</span> <span class='ocrx_word' id='word_1_161' title='bbox 642 2669 769 2711; x_wconf 88' lang='lat' dir='ltr'>movere</span> <span class='ocrx_word' id='word_1_162' title='bbox 790 2669 871 2711; x_wconf 90' lang='lat' dir='ltr'>meo.</span> 
     </span>
     <span class='ocr_line' id='line_1_28' title="bbox 185 2732 1083 2816; baseline -0.003 -18"><span class='ocrx_word' id='word_1_163' title='bbox 185 2734 234 2798; x_wconf 86' lang='lat' dir='ltr'>Tu</span> <span class='ocrx_word' id='word_1_164' title='bbox 256 2735 331 2797; x_wconf 89' lang='lat' dir='ltr'>licet</span> <span class='ocrx_word' id='word_1_165' title='bbox 353 2734 489 2816; x_wconf 88' lang='lat' dir='ltr'>aspicias</span> <span class='ocrx_word' id='word_1_166' title='bbox 512 2734 634 2796; x_wconf 89' lang='lat' dir='ltr'>caelum</span> <span class='ocrx_word' id='word_1_167' title='bbox 649 2754 742 2796; x_wconf 93' lang='lat' dir='ltr'>omne</span> <span class='ocrx_word' id='word_1_168' title='bbox 757 2732 891 2796; x_wconf 86' lang='lat' dir='ltr'>Atlanta</span> <span class='ocrx_word' id='word_1_169' title='bbox 908 2737 1083 2816; x_wconf 85' lang='lat' dir='ltr'>gerentem,</span> 
     </span>
     <span class='ocr_line' id='line_1_29' title="bbox 228 2818 925 2901; baseline -0.004 -19"><span class='ocrx_word' id='word_1_170' title='bbox 228 2818 382 2901; x_wconf 86' lang='lat' dir='ltr'>Sectaque</span> <span class='ocrx_word' id='word_1_171' title='bbox 404 2818 519 2882; x_wconf 86' lang='lat' dir='ltr'>Persea</span> <span class='ocrx_word' id='word_1_172' title='bbox 539 2818 714 2882; x_wconf 89' lang='lat' dir='ltr'>Phorcidos</span> <span class='ocrx_word' id='word_1_173' title='bbox 736 2838 792 2880; x_wconf 91' lang='lat' dir='ltr'>ora</span> <span class='ocrx_word' id='word_1_174' title='bbox 813 2839 925 2899; x_wconf 91' lang='lat' dir='ltr'>manu,</span> 
     </span>
     <span class='ocr_line' id='line_1_30' title="bbox 186 2900 1066 2986; baseline -0.005 -20"><span class='ocrx_word' id='word_1_175' title='bbox 186 2903 342 2986; x_wconf 86' lang='lat' dir='ltr'>Geryonis</span> <span class='ocrx_word' id='word_1_176' title='bbox 365 2903 489 2965; x_wconf 88' lang='lat' dir='ltr'>stabula</span> <span class='ocrx_word' id='word_1_177' title='bbox 510 2904 542 2965; x_wconf 92' lang='lat' dir='ltr'>et</span> <span class='ocrx_word' id='word_1_178' title='bbox 563 2903 741 2965; x_wconf 90' lang='lat' dir='ltr'>luctantum</span> <span class='ocrx_word' id='word_1_179' title='bbox 762 2903 798 2964; x_wconf 92' lang='lat' dir='ltr'>in</span> <span class='ocrx_word' id='word_1_180' title='bbox 819 2902 947 2984; x_wconf 86' lang='lat' dir='ltr'>pulvere</span> <span class='ocrx_word' id='word_1_181' title='bbox 970 2900 1066 2984; x_wconf 85' lang='lat' dir='ltr'>signa</span> 
     </span>
     <span class='ocr_line' id='line_1_31' title="bbox 141 2985 1020 3069; baseline -0.003 -20"><span class='ocrx_word' id='word_1_182' title='bbox 141 3003 171 3049; x_wconf 82' lang='lat' dir='ltr'>ro</span> <span class='ocrx_word' id='word_1_183' title='bbox 227 2987 375 3051; x_wconf 89' lang='lat' dir='ltr'>Herculis</span> <span class='ocrx_word' id='word_1_184' title='bbox 397 2987 576 3069; x_wconf 89' lang='lat' dir='ltr'>Antaeique</span> <span class='ocrx_word' id='word_1_185' title='bbox 597 2985 871 3068; x_wconf 88' lang='lat' dir='ltr'>Hesperidumque</span> <span class='ocrx_word' id='word_1_186' title='bbox 893 2985 1020 3062; x_wconf 88' lang='lat' dir='ltr'>choros,</span> 
     </span>
     <span class='ocr_line' id='line_1_32' title="bbox 170 3069 1032 3155; baseline -0.003 -20"><span class='ocrx_word' id='word_1_187' title='bbox 170 3072 296 3155; x_wconf 51' lang='lat' dir='ltr'>¹Tuque</span> <span class='ocrx_word' id='word_1_188' title='bbox 317 3075 372 3135; x_wconf 92' lang='lat' dir='ltr'>tuo</span> <span class='ocrx_word' id='word_1_189' title='bbox 396 3069 550 3136; x_wconf 84' lang='lat' dir='ltr'>Colchum</span> <span class='ocrx_word' id='word_1_190' title='bbox 572 3071 731 3153; x_wconf 89' lang='lat' dir='ltr'>propellas</span> <span class='ocrx_word' id='word_1_191' title='bbox 753 3071 872 3154; x_wconf 85' lang='lat' dir='ltr'>remige</span> <span class='ocrx_word' id='word_1_192' title='bbox 895 3069 1032 3150; x_wconf 88' lang='lat' dir='ltr'>Phasin,</span> 
     </span>
     <span class='ocr_line' id='line_1_33' title="bbox 229 3155 978 3239; baseline -0.007 -19"><span class='ocrx_word' id='word_1_193' title='bbox 229 3156 434 3239; x_wconf 89' lang='lat' dir='ltr'>Peliacaeque</span> <span class='ocrx_word' id='word_1_194' title='bbox 454 3156 555 3219; x_wconf 89' lang='lat' dir='ltr'>trabis</span> <span class='ocrx_word' id='word_1_195' title='bbox 577 3159 680 3218; x_wconf 89' lang='lat' dir='ltr'>totum</span> <span class='ocrx_word' id='word_1_196' title='bbox 702 3155 762 3217; x_wconf 88' lang='lat' dir='ltr'>iter</span> <span class='ocrx_word' id='word_1_197' title='bbox 784 3155 852 3237; x_wconf 89' lang='lat' dir='ltr'>ipse</span> <span class='ocrx_word' id='word_1_198' title='bbox 875 3155 978 3237; x_wconf 88' lang='lat' dir='ltr'>legas,</span> 
     </span>
     <span class='ocr_line' id='line_1_34' title="bbox 187 3238 981 3324; baseline -0.006 -19"><span class='ocrx_word' id='word_1_199' title='bbox 187 3240 256 3316; x_wconf 79' lang='lat' dir='ltr'>Qua</span> <span class='ocrx_word' id='word_1_200' title='bbox 276 3240 364 3304; x_wconf 90' lang='lat' dir='ltr'>rudis</span> <span class='ocrx_word' id='word_1_201' title='bbox 386 3241 497 3324; x_wconf 91' lang='lat' dir='ltr'>Argoa</span> <span class='ocrx_word' id='word_1_202' title='bbox 518 3242 608 3302; x_wconf 88' lang='lat' dir='ltr'>natat</span> <span class='ocrx_word' id='word_1_203' title='bbox 629 3240 713 3302; x_wconf 89' lang='lat' dir='ltr'>inter</span> <span class='ocrx_word' id='word_1_204' title='bbox 736 3260 812 3302; x_wconf 82' lang='lat' dir='ltr'>saxa</span> <span class='ocrx_word' id='word_1_205' title='bbox 833 3238 981 3303; x_wconf 91' lang='lat' dir='ltr'>columba</span> 
     </span>
     <span class='ocr_line' id='line_1_35' title="bbox 228 3323 927 3405; baseline -0.004 -17"><span class='ocrx_word' id='word_1_206' title='bbox 228 3325 268 3388; x_wconf 94' lang='lat' dir='ltr'>In</span> <span class='ocrx_word' id='word_1_207' title='bbox 289 3325 404 3388; x_wconf 87' lang='lat' dir='ltr'>faciem</span> <span class='ocrx_word' id='word_1_208' title='bbox 447 3345 538 3387; x_wconf 90' lang='lat' dir='ltr'>rorae</span> <span class='ocrx_word' id='word_1_209' title='bbox 559 3324 654 3405; x_wconf 91' lang='lat' dir='ltr'>pinus</span> <span class='ocrx_word' id='word_1_210' title='bbox 677 3323 788 3386; x_wconf 89' lang='lat' dir='ltr'>adacta</span> <span class='ocrx_word' id='word_1_211' title='bbox 809 3344 927 3405; x_wconf 88' lang='lat' dir='ltr'>novae,</span> 
     </span>
     <span class='ocr_line' id='line_1_36' title="bbox 142 3347 1066 3492; baseline -0.002 -22"><span class='ocrx_word' id='word_1_212' title='bbox 142 3421 171 3470; x_wconf 86' lang='lat'>15</span> <span class='ocrx_word' id='word_1_213' title='bbox 186 3409 230 3472; x_wconf 81' lang='lat' dir='ltr'>Et</span> <span class='ocrx_word' id='word_1_214' title='bbox 252 3410 309 3492; x_wconf 92' lang='lat' dir='ltr'>sis,</span> <span class='ocrx_word' id='word_1_215' title='bbox 334 3430 395 3491; x_wconf 90' lang='lat' dir='ltr'>qua</span> <span class='ocrx_word' id='word_1_216' title='bbox 416 3347 549 3491; x_wconf 75' lang='lat' dir='ltr'>Crtygia</span> <span class='ocrx_word' id='word_1_217' title='bbox 571 3411 604 3470; x_wconf 89' lang='lat' dir='ltr'>et</span> <span class='ocrx_word' id='word_1_218' title='bbox 624 3408 755 3471; x_wconf 88' lang='lat' dir='ltr'>visenda</span> <span class='ocrx_word' id='word_1_219' title='bbox 778 3410 826 3470; x_wconf 91' lang='lat' dir='ltr'>est</span> <span class='ocrx_word' id='word_1_220' title='bbox 847 3429 903 3470; x_wconf 92' lang='lat' dir='ltr'>ora</span> <span class='ocrx_word' id='word_1_221' title='bbox 924 3404 1066 3489; x_wconf 87' lang='lat' dir='ltr'>Caystri,</span> 
     </span>
     <span class='ocr_line' id='line_1_37' title="bbox 229 3492 912 3576; baseline -0.003 -20"><span class='ocrx_word' id='word_1_222' title='bbox 229 3494 273 3557; x_wconf 82' lang='lat' dir='ltr'>Et</span> <span class='ocrx_word' id='word_1_223' title='bbox 295 3515 356 3574; x_wconf 89' lang='lat' dir='ltr'>qua</span> <span class='ocrx_word' id='word_1_224' title='bbox 378 3495 524 3574; x_wconf 88' lang='lat' dir='ltr'>septenas</span> <span class='ocrx_word' id='word_1_225' title='bbox 546 3495 703 3576; x_wconf 89' lang='lat' dir='ltr'>temperat</span> <span class='ocrx_word' id='word_1_226' title='bbox 722 3492 809 3555; x_wconf 91' lang='lat' dir='ltr'>unda</span> <span class='ocrx_word' id='word_1_227' title='bbox 830 3492 912 3570; x_wconf 80' lang='lat' dir='ltr'>vias3</span> 
     </span>
    </p>
   </div>
   <div class='ocr_carea' id='block_1_5' title="bbox 0 0 1200 3990">
    <p class='ocr_par' dir='ltr' id='par_1_5' title="bbox 0 0 1200 3990">
     <span class='ocr_line' id='line_1_38' title="bbox 0 0 1200 3990; baseline 0 0"><span class='ocrx_word' id='word_1_228' title='bbox 0 0 1200 3990; x_wconf 95' lang='lat' dir='ltr'> </span> 
     </span>
    </p>
   </div>
  </div>
 </body>
</html>
