2392 3990
70 290 72 295 .
117 248 176 319 111]
510 251 660 306 111111.

70 386 72 423 ἶ
113 410 179 476 Sed
202 410 300 476 facies
322 412 431 475 aderat
451 411 548 477 nullis
571 412 709 477 obnoxia
733 414 878 496 gemmis,

159 496 271 570 Qualis
293 496 436 580 Apelleis
459 499 507 560 est
529 496 616 560 color
637 498 670 560 in
692 498 818 561 tabulis

114 579 193 644 Non
215 580 280 644 illis
302 581 443 645 studium
465 581 562 665 volgo
585 582 771 728 cpnppirere
794 585 955 646 amantes:
991 678 994 685 Ι
1051 580 1055 585 ’

158 664 229 728 11111
252 665 359 748 ampla
382 666 459 729 satis
481 666 586 728 forma
606 688 650 748 pu
676 666 771 730 'citia

113 748 192 814 Non
215 770 276 834 ego
298 770 383 817 nunc
404 770 525 832 vereor,
546 771 588 813 ne
610 750 670 812 sim
692 750 752 831 tibi
773 750 867 817 vilior
888 750 975 814 istis:
1047 763 1081 812 25
1127 781 1128 784 ¹

156 832 225 897 Vni
247 826 338 917 sidii'a
359 834 473 917 placet,
496 818 780 916 culia·⁵puella''sat
801 837 858 916 est,
972 912 977 925 .
1049 904 1054 913 ,

112 917 200 984 Cum
220 917 281 982 tibi
302 919 488 1001 praesertim
510 917 657 982 Phoebus
680 940 737 982 sua
759 919 899 982 carmina
922 912 1050 983 dohet'⁴

157 1002 360 1089 Aoniamque
381 1000 807 1100 11111111,01111011114411161111,ι
825 1018 838 1049 ³
855 1002 877 1029 '¹
902 1024 906 1039 ¹

113 1086 221 1151 Vnica
242 1084 302 1151 neb
324 1082 407 1150 desit
428 1085 573 1151 iocundis
595 1077 700 1171 gratia
720 1084 835 1170 barbis,

158 1169 276 1236 Omnia
291 1192 433 1255 quaeque
448 1170 557 1235 Venus
571 1193 712 1255 quaeque
727 1172 871 1236 Minerva
892 1172 1018 1256 probat.
1047 1184 1081 1233 3ο

114 1246 235 1345 Hlsitu
257 1277 382 1339 semper
403 1256 465 1320 eris
487 1259 615 1319 nostrae
637 1258 819 1341 gratissima
840 1257 934 1341 vitae,
1034 1336 1037 1343 Ι

158 1339 277 1404 Taedia
298 1339 374 1404 dum
394 1340 529 1404 miserae
552 1341 618 1403 sint
639 1341 699 1406 tibi
720 1341 872 1406 luxuriae.

523 1473 676 1481 ——-—·

564 1557 627 1630 ΠΙ.

114 1679 229 1756 Qualis
250 1678 373 1749 Thesea
394 1680 491 1743 iacuit
512 1680 642 1744 cedente
665 1679 772 1744 carina

157 1764 326 1849 Languida
347 1763 479 1829 desertis
503 1758 624 1829 ansia
644 1765 800 1847 litoribus,

114 1848 227 1924 Qualis
250 1851 283 1912 et
303 1849 450 1913 accubuit
470 1849 574 1932 primo
597 1848 737 1933 Cepheia
759 1869 872 1913 somno

159 1933 277 1997 Libera
297 1932 362 1996 iam
384 1933 470 1997 duris
493 1933 616 2000 cotibus
638 1920 853 2025 Andromede,

117 2017 190 2084 Neo
211 2018 317 2081 minus
340 2017 480 2081 adsiduis
501 2017 623 2099 Edonis
645 2018 730 2081 fessa
751 2016 875 2081 choreis
1063 2031 1080 2082 a

158 2101 269 2178 Qualis
291 2102 326 2165 in
345 2101 482 2189 herboso
506 2101 645 2166 concidit
665 2094 828 2184 Apidano:

115 2186 204 2251 Talis
226 2186 295 2250 visa
315 2185 395 2250 mihi
415 2187 546 2250 mollem
568 2187 689 2270 spirare
711 2186 849 2269 quietem

159 2269 301 2359 Oxntbia
321 2269 387 2334 nori
410 2270 504 2335 certis
526 2271 602 2334 nixa
624 2274 719 2354 caput
739 2270 896 2351 manibus,

115 2355 216 2420 Ebria
238 2376 310 2420 oum
331 2355 432 2420 multo
453 2355 612 2419 traherem
633 2356 769 2438 vestigia
790 2354 918 2419 Baccho

158 2439 203 2504 Et
223 2443 391 2523 quaterent
412 2462 481 2504 sera
502 2444 598 2504 nocte
619 2440 722 2503 facem
741 2440 841 2523 pueri.
1048 2454 1079 2501 10

116 2523 210 2588 Hane
233 2544 303 2609 ego,
325 2523 468 2588 nondum
483 2527 579 2587 etiam
595 2545 705 2587 sensus
721 2523 902 2607 deperditus
918 2544 1038 2607 omnes,

158 2607 301 2673 Molliter
322 2609 467 2693 inpresso
490 2630 588 2672 conor
610 2608 696 2672 adire
718 2614 804 2693 tor03

115 2692 160 2757 Et
183 2692 327 2777 quamvis
349 2693 467 2777 duplici
491 2696 672 2777 correptum
695 2692 807 2756 ardore
828 2692 975 2756 iuberent

158 2776 230 2842 Hao
251 2779 354 2841 Amor
373 2771 433 2841 hac
455 2777 569 2863 Liberp
583 2777 679 2840 durus
701 2782 833 2860 uterque
855 2777 941 2860 deus,

116 2859 266 2927 Subieoto
287 2861 400 2926 leviter
421 2862 557 2945 positam
579 2856 736 2945 temptare
759 2861 876 2925 lacerto
1046 2874 1078 2924 15

159 2945 338 3030 Osculaque
359 2946 488 3009 admota
510 2968 633 3010 sumere
655 2968 728 3009 cara
748 2967 855 3029 manu,

116 3029 195 3096 Non
216 3033 323 3094 himen
345 3051 440 3094 ausus
463 3053 547 3094 eram
570 3031 717 3094 dominae
738 3031 866 3094 turbare
889 3029 1037 3113 quietem,
1080 3103 1083 3107 ⁴

159 3114 319 3198 Expertae
340 3118 485 3178 metuens
507 3116 611 3199 iurgia
633 3114 791 3196 saevitiae,

116 3196 179 3264 Sed
200 3199 247 3263 111
268 3199 401 3263 intentis
423 3198 592 3263 haerebam
613 3200 694 3263 fixus
717 3199 835 3283 ocellis,

157 3283 266 3368 Argus
288 3286 325 3346 ut
345 3283 467 3368 ignotis
490 3285 638 3348 cornibus
660 3283 841 3348 lnachidos.
1045 3295 1080 3346 20

114 3364 160 3431 let
179 3366 276 3431 modo
300 3367 464 3431 solvebam
486 3372 596 3431 nostra
618 3369 657 3432 de
678 3369 785 3432 fronte
808 3369 943 3433 corollas

155 3450 384 3534 Pouebamque
405 3452 479 3534 tuis,
504 3450 651 3535 Cynthia,
673 3453 879 3537 temporibus,

99 3532 160 3613 ,Et
180 3534 276 3600 modo
298 3536 475 3621 gaudebam
496 3536 604 3619 lapsos
624 3537 762 3602 formare
785 3538 928 3624 capfflm,

891 3636 929 3689 18
