2392 3990
125 255 167 322 54
502 262 695 317 ruoruuru
980 262 1085 334 [xxvi.

232 423 371 489 Pulchra
392 426 435 488 sit
456 425 491 487 in
514 426 651 508 superis,
675 425 701 488 si
724 425 813 497 licet,
836 447 901 488 una
923 425 1013 489 locis.
1055 438 1091 485 50

161 505 399 574 oVobiscunrst
420 508 512 592 Iope,
535 510 698 573 vobiscum
721 509 855 573 candida
876 509 979 594 Tyro,

232 593 406 658 Vobiscum
429 592 557 675 Europe
578 615 638 658 neo
660 593 761 677 proba
782 591 955 677 Pasiphae,

190 675 233 742 Et
249 682 326 760 quot
341 678 436 741 Troia
450 678 525 740 tulit
538 682 630 741 vetus
646 689 678 741 et
693 681 772 761 quot
785 678 909 742 Achaia
923 678 1053 762 formas

233 762 277 825 Et
298 761 405 825 Thebe
429 765 461 825 et
481 760 602 825 Priami
624 761 728 826 diruta
749 783 850 846 regna
872 762 972 827 senis:

191 845 235 910 Et
249 867 463 929 quaecumque
478 849 546 910 erat
559 847 594 910 in
608 867 741 910 numero
756 846 903 910 Romana
917 847 1034 930 puella,
1055 861 1094 909 55

144 944 174 992 10
232 930 371 995 Occidit:
393 930 451 994 has
474 951 584 994 omnes
606 930 691 1015 ignis
713 952 826 995 avarus
848 930 957 997 habet.

190 1013 221 1080 N
224 1036 259 1078 ec
273 1016 376 1079 forma
391 1018 554 1078 aeternum
572 1020 627 1078 aut
641 1016 820 1099 cuiquamst
835 1015 963 1080 fortuna
977 1037 1046 1101 per·

736 1122 843 1165 enms:

61 1260 64 1265 .
234 1183 377 1267 Longius
392 1186 447 1247 aut
461 1184 592 1268 propius
607 1205 693 1247 mors
708 1206 765 1248 sua
779 1206 935 1268 quemque
949 1190 1065 1250 manet.

191 1266 239 1332 Tu
256 1268 405 1350 quoniam
420 1290 463 1346 es,
479 1291 550 1332 mea
565 1270 629 1351 lux,
644 1290 762 1353 magno
778 1269 909 1333 dimissa
922 1272 1053 1355 periclo,

233 1351 366 1415 Munera
381 1351 504 1417 Dianae
526 1353 632 1417 debita
653 1353 749 1417 redde
770 1352 885 1417 choros
891 1402 900 1436 ,
1056 1369 1094 1416 eo

143 1449 175 1498 15
190 1435 299 1501 Redde
311 1437 407 1500 etiarn
419 1437 566 1501 excubias
580 1437 670 1500 divae
681 1459 776 1521 nunc,
793 1437 867 1501 ante
878 1439 1046 1523 iuvencae,

233 1520 366 1586 Votivas
388 1525 498 1585 noctes
521 1521 653 1584 etmihi
675 1522 763 1586 solve
785 1523 903 1586 decern.

419 1735 557 1809 xxvn
583 1737 794 1830 [xxurnu.

190 1859 358 1938 Extrema,
377 1881 448 1923 mea
470 1860 540 1944 lux,
562 1882 634 1925 curn
654 1865 748 1945 potus
769 1864 864 1926 nocte
885 1884 1036 1948 vagarer,

233 1943 302 2009 Nec
323 1965 374 2008 me
396 1965 559 2009 servorum
581 1947 710 2009 duceret
730 1945 797 2010 ulla
817 1968 946 2030 manus,

191 2029 307 2112 Obvia,
329 2029 518 2113 nescioquol-
537 2031 642 2114 pueri,
665 2028 745 2093 mihi
766 2031 860 2094 turba
880 2032 1006 2095 minuta

233 2112 373 2178 Venerat
396 2113 469 2198 (hos
491 2114 592 2177 vetuit
613 2136 664 2178 me
685 2136 851 2179 numerare
872 2116 1004 2199 timor),

163 2196 335 2273 oQuorum
357 2199 412 2261 alii
433 2198 569 2278 faculas,
592 2199 646 2261 alii
668 2200 803 2263 retinere
826 2201 976 2283 sagittas,

233 2281 310 2345 Pars
334 2283 429 2345 etiarn
452 2282 551 2345 visast
572 2283 678 2345 vincla
699 2305 810 2366 parare
832 2283 921 2348 mihi.

192 2365 257 2432 Sed
276 2367 353 2429 nudi
374 2367 511 2430 fuerunt.
557 2387 690 2449 quorum
712 2367 859 2432 lascivior
881 2390 978 2452 unus,

234 2450 386 2534 ‘Arripite
408 2450 520 2532 hunc,’
544 2451 660 2533 inquit,
685 2456 772 2516 ‘nam
787 2452 867 2535 bene
881 2454 984 2517 nostis
1001 2476 1086 2520 eum:

100 2536 102 2545 '
190 2534 253 2598 Hic
275 2539 358 2617 erat,
381 2533 466 2599 hunc
487 2536 601 2599 mulier
622 2534 715 2599 nobis
738 2538 819 2599 irata
841 2537 981 2602 locauit.⁵

29 2678 32 2683 .
143 2634 175 2683 10
231 2617 334 2701 Dixit,
358 2620 390 2682 et
410 2619 446 2682 in
468 2620 551 2684 collo
573 2620 637 2683 iarn
658 2620 736 2683 mihi
758 2621 860 2685 nodus
883 2625 960 2686 erat.

189 2702 252 2766 Hic
274 2704 355 2766 alter
376 2702 465 2766 iubet
485 2704 520 2766 in
541 2704 680 2768 medium
701 2705 894 2789 propellere,
917 2709 949 2770 et
971 2707 1067 2792 alter,

233 2786 405 2869 ‘Intereat
429 2787 483 2870 qui
505 2809 564 2851 nos
586 2810 653 2852 non
674 2793 766 2872 putat
789 2812 856 2854 esse
879 2791 971 2856 deos!

190 2871 279 2936 Haec
301 2875 333 2935 11
355 2893 422 2935 non
442 2873 592 2935 meritum
613 2875 698 2936 totas
721 2877 867 2957 expectat
888 2875 922 2938 in
944 2873 1056 2943 horas:

232 2957 277 3020 Ar
297 2960 334 3018 tu
354 2957 541 3039 nescioquas
564 2957 704 3039 quaeriS,
726 2959 849 3041 inepte,
872 2960 960 3024 foris.

143 3056 173 3102 11
189 3040 277 3116 Quae
300 3062 372 3104 curn
394 3040 544 3105 Sidoniae
566 3046 723 3105 nocturna
744 3043 898 3127 ligamina
918 3045 1032 3110 mitrae

233 3125 371 3190 Solverit
392 3128 487 3208 atque
510 3126 618 3190 oculos
640 3127 775 3190 moverit
797 3128 852 3190 illa
872 3150 1003 3213 graves,

189 3208 363 3275 Adflabunt
383 3210 443 3273 tibi
464 3231 531 3273 non
544 3210 688 3274 Arabum
711 3211 748 3274 de
770 3213 914 3295 gramine
938 3213 1066 3300 odores,

232 3292 294 3359 Sed
317 3314 395 3376 quos
417 3296 485 3378 ipse
507 3296 572 3358 suis
594 3296 671 3358 fecit
691 3296 793 3359 Amor
815 3298 976 3363 manibus..

188 3377 312 3443 Parcite
334 3379 414 3460 iarn,
436 3378 566 3461 fratres,
587 3380 651 3442 iam
672 3385 776 3444 certos
796 3381 933 3464 spondet
947 3404 1087 3469 amores,

14 3538 17 3549 Ι
141 3475 175 3524 20
231 3463 274 3526 Et
296 3463 359 3527 iarn
381 3463 420 3526 ad
442 3463 626 3526 mandatam
647 3465 792 3527 venimus
815 3487 886 3530 ecce
909 3466 1061 3533 domum.’

131 3549 132 3552 ’
188 3549 294 3633 Atque
316 3548 361 3610 ita
382 3548 426 3610 nii
448 3548 565 3611 iniecto
589 3548 736 3612 dixerunt
757 3572 865 3613 rursus
892 3552 1007 3616 amictu
