2392 3990
10 170 13 176 ,
58 103 122 178 Π.]
455 109 562 164 arasa
583 111 647 166 1111.

58 267 123 334 At
139 292 207 335 non
228 272 360 356 ingenio
383 273 563 355 quaesitum
584 295 702 342 nomen
725 273 765 337 ab
787 295 864 338 aevo

115 355 266 421 Excidet:
292 357 423 441 ingenio
445 359 510 421 stat
531 360 600 421 sine
621 362 724 421 morte
747 358 851 422 decus.

63 684 172 759 Visus
195 716 281 760 eram
304 695 395 759 molli
415 694 571 760 recubans
594 694 759 759 Heliconis
782 696 817 759 in
838 696 967 779 umbra,

118 779 382 863 Bellerophontei
404 801 466 863 qua
486 780 558 843 fluit
579 801 671 842 umor
693 781 781 862 equi,

65 855 195 1012 Reges,
218 865 319 946 Alba,
341 868 414 928 tuos
437 868 469 928 et
489 886 602 948 regum
624 865 711 928 facta
731 868 874 947 tuorum,

144 953 255 1013 autum
277 949 398 1031 operis,
420 950 526 1012 nervis
548 947 671 1012 hiscere
693 970 787 1033 posse
809 950 905 1032 meis,

67 1024 238 1117 Parvaque
259 1037 327 1096 tam
348 1034 474 1118 magnis
497 1032 661 1097 admoram
682 1033 825 1097 fontibus
848 1054 919 1115 ora,
1025 1046 1041 1094 5

118 1117 211 1182 Vnde
232 1122 324 1201 pater
345 1118 456 1181 sitiens
478 1117 603 1181 Ennius
625 1120 698 1181 ante
720 1118 817 1200 bibit,

67 1192 120 1264 Et
141 1203 243 1266 cecini
265 1202 378 1267 Curios
400 1203 514 1266 fratres
537 1206 569 1265 et
590 1201 726 1266 Horatia
746 1202 828 1286 pila,

118 1287 282 1371 Regiaque
303 1287 442 1350 Aemilia
465 1289 555 1350 vecta
576 1289 708 1369 tropaea
728 1289 813 1368 rate,

71 1363 296 1454 Victricesque
318 1392 424 1434 moras
446 1370 537 1436 Fabii
559 1393 763 1455 pugnamque
786 1371 948 1435 sinistram

119 1455 321 1528 Cannensem
343 1460 375 1519 et
396 1477 504 1519 versos
527 1455 567 1518 ad
588 1457 643 1538 pia
663 1460 738 1520 vota
760 1455 853 1538 deos,
1011 1470 1041 1515 10

10 1581 12 1594 ι
65 1528 354 1622 Hannibalemque
377 1538 474 1604 Lares
496 1539 642 1604 Romana
664 1540 738 1605 sede
760 1541 923 1625 fugantes,

118 1625 252 1689 Anseris
274 1628 307 1688 et
328 1627 433 1687 tutum
454 1645 532 1688 voce
551 1624 651 1689 fuisse
672 1625 796 1709 Iovem,

65 1701 159 1774 Cum
179 1730 232 1774 mc
254 1707 397 1773 Castalia
418 1709 586 1792 speculans
609 1731 646 1773 ex
669 1711 779 1773 arbore
801 1708 950 1773 Phoebus

119 1793 172 1859 Sic
194 1794 240 1857 ait
261 1797 372 1857 aurata
391 1795 486 1857 nixus
508 1793 549 1856 ad
571 1796 663 1856 antra
685 1795 766 1876 lyra:

67 1874 174 1953 ‘Quid
188 1878 248 1941 tibi
262 1899 335 1941 cum
349 1879 421 1960 tali,
438 1879 583 1958 demens,
599 1881 648 1942 est
661 1877 813 1941 flumine?
838 1877 908 1961 quis
924 1881 955 1941 te
1009 1892 1041 1939 15

120 1961 278 2028 Carminis
300 1962 390 2026 heroi
412 1967 544 2046 tangere
566 1963 660 2026 iussit
681 1962 785 2045 opus?

62 2037 153 2112 Non
173 2047 250 2110 hinc
272 2047 339 2110 ulla
359 2047 418 2110 tibi
441 2046 626 2130 sperandast
647 2046 749 2129 fama,
773 2044 935 2129 Properti:

119 2131 231 2196 Mollia
252 2135 327 2195 sunt
348 2133 456 2214 parvis
478 2136 570 2215 prata
591 2132 722 2194 terenda
743 2130 837 2212 rotis,

62 2202 123 2279 Vt
142 2219 217 2280 tuus
238 2217 273 2279 in
295 2238 424 2280 scamno
448 2218 582 2279 iactetur
604 2238 698 2299 saepe
721 2214 861 2296 libellus,

121 2299 221 2377 Quem
242 2300 331 2384 legat
352 2306 522 2383 expectans
545 2300 614 2363 sola
635 2301 741 2384 puella
762 2300 874 2363 virum.
986 2312 1041 2360 -20

62 2375 143 2449 Cur
162 2388 220 2448 tua
240 2385 435 2468 praescripto
459 2388 614 2448 serectast
635 2385 755 2468 pagina
775 2383 877 2468 gyro?

119 2469 196 2534 Non
218 2472 267 2533 est
288 2470 410 2554 ingenii
434 2469 548 2552 cymba
569 2469 732 2553 gravanda
753 2470 810 2532 tui.

62 2547 170 2618 Alter
190 2575 296 2617 remus
319 2576 430 2636 aquas,
453 2554 534 2617 alter
555 2554 615 2617 tibi
637 2553 728 2616 radat
748 2552 898 2617 harenas:

120 2637 220 2702 Tutus
243 2639 321 2702 eris:
344 2639 448 2702 medio
471 2638 609 2701 maxima
630 2638 724 2702 turba
745 2639 878 2702 marist!

63 2707 224 2806 Dixerat,
248 2725 281 2787 et
301 2724 423 2806 plectro
446 2724 552 2786 sedem
567 2722 646 2786 mihi
668 2726 826 2785 monstrat
848 2721 984 2805 eburno,
1007 2735 1039 2782 25

122 2805 189 2883 Qua
210 2828 294 2870 nova
315 2829 462 2871 muscoso
486 2807 599 2870 semita
620 2807 706 2870 facta
727 2807 837 2869 solost.

66 2875 142 2955 Hic
163 2896 230 2956 erat
252 2891 363 2955 adfixis
385 2891 494 2954 viridis
517 2893 668 2974 spelunca
690 2891 823 2973 lapillis,

121 2973 367 3058 Pendebantque
391 2976 474 3039 cavis
495 2977 647 3059 tympana
667 2975 855 3057 pumicibus.

70 3051 179 3208 Orgia
202 3064 379 3124 mustarum
400 3063 433 3124 et
454 3059 553 3123 Sileni
574 3060 674 3144 patris
690 3061 796 3144 imago

147 3145 243 3210 ictilis
266 3149 298 3208 et
319 3145 449 3226 calami,
473 3142 542 3207 Pan
564 3144 722 3229 Tegeaee,
745 3143 807 3226 tui,
1009 3155 1041 3207 30

71 3214 124 3290 Et
135 3227 270 3294 Veneris
286 3229 432 3293 dominae
447 3229 608 3311 volucres,
625 3251 696 3292 mea
710 3229 817 3311 turba,
835 3229 998 3293 columbae

122 3310 266 3398 Tingunt
288 3313 453 3398 Gorgonio
475 3312 596 3377 Punica
616 3316 721 3377 rostra
742 3313 827 3395 lacu,

73 3381 292 3482 Diversaeque
313 3419 429 3462 novem
451 3397 581 3461 sortitae
602 3420 675 3461 rura
696 3398 819 3481 puellae
895 3390 901 3404 '

129 3497 277 3541 barsuma
872 3503 888 3553 5
