2280 3998
139 228 158 292 8
526 236 719 290 raconem
1033 236 1106 308 [vu

244 395 335 460 Tunc
357 419 417 482 ego
439 397 594 461 Romanis
616 399 777 481 praeferar
797 398 951 482 ingeniis,

175 538 177 544 .
202 479 272 545 Nec
293 484 446 565 poterunt
467 482 596 546 iuvenes
618 486 728 547 nostro
750 482 882 546 reticere
905 483 1050 565 sepulcro

245 565 390 630 ‘Ardoris
411 566 515 630 nostri
535 587 652 651 magne
673 569 782 650 poeta,
803 567 912 630 iaces?

153 661 187 711 ⁴25
202 647 251 714 Tu
273 669 350 714 cave
369 653 482 715 nostra
503 654 559 714 tuo
582 655 768 715 contemnas
791 652 931 714 carmina
952 652 1055 716 fastu:

245 731 347 818 Saepe
368 735 457 799 venit
478 756 595 819 magno
617 736 728 798 fenore
749 735 857 798 tardus
880 736 990 800 Amor.

544 867 696 995 'vm‘

202 1036 293 1102 Tune
314 1037 413 1122 igitur
435 1037 575 1120 demens,
596 1058 656 1100 neo
676 1040 709 1101 tc
730 1060 801 1102 mea
822 1060 897 1102 cura
917 1039 1083 1104 moratur?

244 1123 298 1186 An
318 1122 380 1186 tibi
402 1144 472 1185 sum
494 1122 601 1206 gelida
622 1122 717 1186 vilior
739 1122 857 1207 Illyria,

202 1206 246 1269 Et
266 1206 327 1271 tibi
349 1207 414 1270 iam
435 1207 530 1288 tanti,
554 1207 783 1290 quicumquest‚
805 1209 866 1271 iste
888 1208 1021 1291 videtur,

244 1289 290 1356 Ut
311 1291 380 1355 sine
401 1313 453 1355 me
474 1294 570 1355 vento
593 1292 736 1373 quolibet
757 1292 803 1355 ire
825 1292 925 1356 velis?

175 1375 295 1440 5Tune
318 1375 427 1440 audire
448 1379 539 1460 potes
562 1376 671 1438 vesani
692 1398 853 1440 murmura
874 1377 966 1460 ponti

244 1458 352 1524 Fortis
374 1463 407 1524 et
427 1459 462 1523 in
484 1460 562 1522 dura
582 1481 663 1523 nave
684 1460 787 1523 iacere
808 1460 922 1544 potes?

202 1545 252 1608 Tu
273 1543 407 1627 pedibus
429 1543 547 1607 teneris
569 1544 691 1627 positas
713 1544 826 1608 fulcire
847 1545 987 1628 pruinas,

245 1627 294 1691 Tu
315 1631 406 1711 potes
428 1628 584 1706 insolitae,
608 1626 757 1710 Cynthia,
780 1629 862 1692 ferre
883 1631 994 1693 nives?

203 1712 230 1776 Ο
253 1713 376 1776 utinam
397 1711 548 1775 hibernae
571 1712 771 1795 duplicentur
796 1716 941 1796 tempora
962 1715 1105 1798 brumae,

155 1811 187 1858 ιο
244 1796 288 1859 Et
309 1797 352 1860 sit
372 1796 458 1859 iners
479 1796 579 1859 tardis
601 1797 711 1860 navita
731 1795 893 1881 Vergiliis,

202 1881 271 1946 Nee
292 1880 353 1943 tibi
375 1879 517 1963 Tyrreno
538 1880 679 1944 solvatur
700 1881 787 1944 funis
810 1904 914 1964 arena,

244 1964 334 2029 Neve
355 1965 484 2028 inimica
505 1986 592 2029 meas
614 1965 716 2028 elevet
737 1987 815 2029 aura
835 1987 955 2050 preces,

155 2064 185 2111 15
200 2049 245 2114 Et
265 2070 316 2112 me
338 2049 476 2113 defixum
497 2071 596 2114 vacua
616 2050 758 2133 patiatur
779 2051 814 2112 in
835 2072 891 2113 ora

246 2132 414 2198 Crudelem
436 2134 555 2197 infesta
576 2155 671 2217 saepe
692 2155 805 2197 vocare
827 2156 934 2199 manu.

157 2233 187 2279 13
202 2219 310 2367 Algue
333 2239 393 2302 ego
416 2239 483 2281 non
504 2218 629 2280 videam
651 2219 731 2280 tales
754 2218 915 2282 subsidere
937 2230 1061 2303 ventos²

272 2324 327 2365 um
350 2303 408 2365 tibi
430 2305 595 2384 provectas
617 2303 740 2365 auferet
760 2301 845 2364 unda
866 2307 960 2385 rateS,

155 2401 184 2448 17
201 2386 264 2452 Sed
286 2407 485 2469 quocumque
506 2385 602 2448 modo
625 2385 663 2448 de
685 2406 745 2467 me,
767 2387 903 2469 periura,
925 2390 1068 2472 mereris,

245 2469 296 2535 Sit
318 2469 451 2534 Galatea
472 2473 545 2533 tuae
565 2490 633 2533 non
655 2469 758 2533 aliena
778 2471 857 2549 viae,

201 2554 248 2619 Vt
268 2557 301 2618 te
322 2554 410 2618 felici
431 2558 506 2637 post
526 2554 610 2617 lecta
632 2551 790 2618 Ceraunia
811 2576 898 2620 remo

152 2655 187 2702 20
242 2639 391 2721 Accipiat
411 2637 545 2721 placidis
568 2637 679 2702 Oricos
702 2639 901 2721 aequoribus.

201 2723 288 2788 Nam
314 2744 365 2786 me
391 2743 459 2786 non
479 2722 562 2785 ullae
583 2726 735 2806 poterunt
757 2744 957 2807 corrumpere
978 2726 1104 2806 taedae,

245 2807 330 2884 Quin
352 2828 422 2954 epo,
445 2807 520 2888 vita,
543 2811 598 2870 tuo
621 2807 731 2871 hmine
753 2829 827 2871 vera
848 2829 974 2891 querar3

201 2893 271 2958 Nec
293 2914 344 2954 me
388 2891 491 2955 eficiet
512 2895 626 2954 nautas
647 2893 788 2976 rogitare
810 2892 924 2956 citatos

244 2975 378 3058 ‘Dicite
401 2997 463 3058 quo
485 2979 580 3059 portu
602 2977 709 3039 clausa
729 2977 836 3059 puella
856 2976 997 3040 meast?'

153 3074 185 3124 25
201 3060 245 3126 Et
267 3060 370 3124 dicam
394 3061 486 3124 ‘licet
507 3061 650 3123 Autariis
674 3060 818 3123 considat
839 3061 874 3122 in
895 3062 969 3144 oria,

243 3144 289 3211 Et
308 3145 384 3208 licet
405 3143 540 3227 Hyllos,
563 3145 619 3207 illa
640 3144 746 3208 futura
766 3149 892 3208 meast'

556 3315 642 3387 VIII
654 3314 678 3389 ¹³.

200 3431 264 3498 Hic
287 3431 361 3496 erit!
386 3430 438 3494 hic
460 3430 563 3494 iurata
584 3432 705 3495 manet!
729 3435 917 3513 rumpantur
938 3432 1053 3516 iniquil

244 3517 402 3582 Vicimus:
426 3514 574 3579 adsiduas
595 3536 662 3579 non
684 3515 758 3579 tulit
779 3516 834 3578 illo
855 3539 974 3599 preces.
