2392 3990
60 249 119 321 xi]
446 248 555 303 33333
575 248 638 303 uu

81 378 84 383 Α
102 411 270 476 Femineas
292 409 400 476 timuit
420 411 534 475 territa
555 410 660 475 Marte
681 411 795 476 minas.

59 494 252 561 Hannibalis
276 497 379 579 spolia
401 501 435 559 et
454 496 532 559 victi
554 496 752 559 monimenta
774 494 929 579 Syphacis

101 580 147 644 Et
166 580 283 663 Pyrrhi
304 580 345 644 ad
366 583 495 702 miims
517 580 620 663 gloria
641 580 742 702 igacto
763 580 861 664 pedes
996 593 1029 642 so

59 748 190 815 Curtius
213 749 347 833 expletis
370 749 482 812 statuit
502 710 701 812 miinimenta
722 749 860 832 lacunis,

102 836 150 899 At
169 833 288 898 Decius
309 834 408 897 misso
432 834 553 916 proelia
576 833 664 916 rupit
685 854 782 915 equ0,

60 917 195 984 Coclitis
217 917 375 982 abscissos
396 921 534 981 testatur
559 917 673 981 semita
694 922 823 1001 pontes,

103 1003 164 1066 Est
186 1003 237 1065 cui
259 1023 440 1086 cognomen
463 1023 574 1066 corvus
596 1001 714 1065 habere
736 1001 832 1066 dedit.

60 1087 149 1152 Haec
172 1087 205 1151 di
228 1087 453 1169 condiderunt,
476 1085 555 1151 haec
577 1085 610 1149 di
625 1107 749 1169 quoque
771 1085 900 1149 moenia
922 1108 985 1150 ser-

670 1174 761 1235 vant:
995 1183 1027 1231 65

103 1255 167 1320 Vix
188 1257 302 1320 timeat
323 1255 410 1320 salvo
434 1255 568 1321 Caesare
590 1255 693 1319 Roma
714 1254 832 1318 Iovem.

59 1341 156 1408 Nunc
177 1341 233 1405 ubi
255 1339 419 1424 Scipiadae
442 1341 574 1422 classes,
595 1340 652 1404 ubi
674 1340 767 1423 signa
788 1337 932 1423 Camilli,

104 1428 171 1489 Aut
192 1425 287 1488 modo
310 1425 464 1508 Pompeia
484 1423 629 1508 Bospore
652 1428 746 1508 capta
766 1423 885 1487 manu?

60 1509 238 1575 Leucadius
259 1530 366 1573 versas
389 1510 472 1573 acies
494 1508 685 1572 memorabit
705 1509 736 1571 A
760 1509 834 1572 olle.

105 1593 243 1657 Tantum
264 1593 370 1677 operis
391 1593 468 1657 belli
491 1593 620 1657 sustulit
640 1615 705 1656 una
727 1531 803 1656 dies
994 1605 1028 1653 70

60 1679 108 1742 At
127 1682 178 1761 tu,
200 1677 267 1742 sive
288 1680 378 1760 petes
399 1682 510 1760 portus
533 1699 605 1760 seu,
628 1678 751 1761 navita,
773 1677 914 1761 linques,

104 1760 250 1828 Caesaris
271 1763 306 1826 in
327 1766 396 1825 toto
419 1763 462 1825 sis
484 1784 607 1846 memor
629 1760 733 1826 ionic.

452 1976 504 2047 xi
532 1972 642 2075 [xm.

61 2100 229 2183 Postume,
251 2100 431 2184 plorantem
452 2099 587 2181 potuisti
609 2098 752 2182 linquere
775 2099 915 2182 Gallam,

104 2185 197 2249 Miles
220 2188 253 2248 et
274 2184 412 2268 Augusti
434 2183 532 2246 fortia
554 2183 646 2268 signa
668 2182 779 2265 sequi?
933 2261 935 2265 Ι

61 2269 198 2334 Tantine
220 2269 286 2331 ulla
306 2269 368 2331 fuit
390 2269 519 2351 spoliati
541 2268 645 2352 gloria
665 2267 792 2348 Parthi,
855 2266 857 2271 ⁴

104 2353 154 2418 Ne
176 2354 297 2418 faceres
321 2351 415 2415 Galla
436 2353 536 2416 multa
558 2356 693 2436 rogante
714 2351 791 2416 tua?

61 2438 95 2504 Si
116 2438 166 2502 fas
187 2440 250 2519 331,
272 2459 383 2501 omnes
405 2438 523 2520 pariter
544 2437 681 2518 pereatis
703 2437 805 2520 avari,
1010 2447 1026 2498 5

103 2522 147 2586 Et
169 2523 311 2606 quisquis
333 2521 397 2584 fido
419 2522 570 2603 praetulit
592 2543 680 2585 arma
699 2524 785 2584 toro!

61 2607 110 2670 Tu
132 2610 241 2670 tamen
262 2607 380 2669 iniecta
401 2607 518 2688 133133,
540 2627 671 2689 vesane,
694 2605 824 2670 13333333

102 2691 234 2755 Potabis
256 2691 349 2774 galea
370 2689 473 2753 fessus
494 2690 610 2753 Araxis
632 2712 755 2773 aquam.

61 2775 124 2839 1113
146 2775 274 2859 quidem
295 2776 417 2838 interea
437 2776 523 2837 fama
544 2774 686 2838 tabescet
707 2774 812 2858 inani,

103 2858 192 2924 Haec
213 2862 269 2922 tua
289 2880 330 2921 ne
352 2859 454 2922 virtus
475 2859 532 2922 fiat
553 2880 660 2922 amara
681 2858 757 2940 tibi,
994 2871 1026 2920 10

61 2942 150 3010 Neve
171 2947 227 3007 tua
246 2942 359 3007 Medae
381 2943 538 3006 laetentur
561 2943 655 3006 caede
678 2945 830 3026 sagittae,

103 3028 236 3093 Ferreus
259 3032 368 3090 aurato
391 3049 454 3092 neu
476 3028 696 3110 cataphractus
719 3049 816 3110 equo,

61 3112 151 3178 Neve
172 3112 292 3194 aliquid
315 3112 354 3174 de
375 3115 407 3174 te
428 3111 569 3175 flendum
590 3111 746 3175 referatur
767 3113 801 3174 in
824 3132 918 3176 uruat

104 3196 157 3262 sie
178 3196 327 3278 redeunt,
349 3197 413 3259 illis
437 3197 491 3278 qui
514 3196 654 3259 cecidere
675 3195 764 3258 locis.

61 3279 124 3345 Ter
146 3283 256 3364 quater
277 3282 312 3342 in
334 3285 421 3343 33313
441 3280 520 3344 felix
542 3302 561 3343 ο
584 3280 734 3343 Postume
757 3279 863 3365 Galla,
994 3293 1025 3343 15

102 3364 248 3429 Moribus
270 3365 320 3427 his
343 3366 406 3427 alia
428 3365 565 3448 coniuge
587 3363 703 3448 dignus
726 3385 805 3427 eras.

61 3449 146 3526 Quid
166 3449 263 3513 faciet
283 3449 371 3512 nullo
393 3450 516 3511 munita
537 3448 643 3532 puella
664 3451 793 3530 timore,

104 3532 185 3600 Cum
208 3534 251 3595 sit
271 3532 412 3597 luxuriae
434 3533 537 3597 Roma
558 3534 712 3616 magistra
734 3531 832 3598 suae?
