2392 3990
14 3648 79 3764 h

1113 36 1124 271 l

121 263 163 327 96
502 265 695 322 1110100111
1056 266 1085 334 [1.
1117 306 1126 401 1

185 431 270 497 Nam
292 429 352 493 tibi
374 429 520 493 victrices
543 451 756 512 quascumque
783 429 891 492 labore
912 428 1044 512 parasti,

126 529 174 579 140
229 516 349 579 Eludet
370 515 492 597 palmas
513 536 577 576 una
598 515 707 596 puella
728 521 814 577 tuas:
1120 528 1128 599 1

111 646 113 653 >
186 599 232 665 Et
252 600 334 663 bene
357 619 429 662 cum
450 599 548 661 fixum
569 602 678 661 mento
701 598 886 662 discusseris
907 618 1037 680 uncum,

230 683 287 748 Nil
309 683 370 746 erit
390 682 460 764 hoc,
482 687 587 746 rostro
610 688 642 746 te
664 687 788 765 premet
810 704 887 745 ansa
909 702 977 745 suo.

188 767 280 831 Illius
303 767 434 830 arbitrio
456 771 584 830 noctem
606 768 771 849 lucemque
792 766 930 829 videbis:

232 852 332 915 Gutta
355 872 479 934 quoque
502 873 540 914 ex
564 851 664 933 oculis
686 872 753 914 non
774 851 837 914 nisi
858 851 946 913 iussa
968 849 1067 915 cadet
1124 836 1129 903 1

128 949 175 998 145
190 935 260 1000 Nec
281 936 369 998 mille
392 935 541 999 excubiae
562 957 621 998 nec
643 938 675 998 te
698 936 824 1019 signata
845 935 1002 998 iuvabunt
1125 916 1129 1007 ¹5

231 1020 370 1084 Limina:
393 1042 560 1103 persuasae
582 1020 692 1082 fallere
713 1022 794 1083 rima
809 1024 859 1082 sat
879 1022 937 1083 est
1126 1022 1129 1027 ’

189 1104 285 1170 Nunc
306 1108 362 1167 tua
383 1105 433 1168 vel
454 1104 567 1167 mediis
589 1105 705 1186 puppis
725 1106 862 1167 luctetur
883 1105 919 1167 in
940 1103 1047 1186 undiS,

232 1189 295 1252 Vel
316 1189 391 1252 licet
412 1189 542 1251 armatis
564 1187 667 1251 hostis
689 1189 818 1252 inermis
841 1210 910 1270 eas,

190 1272 253 1338 Vel
274 1273 460 1336 tremefacta
483 1294 559 1336 cavo
581 1273 676 1336 tellus
700 1273 828 1336 diducat
848 1272 986 1358 hiatum,

130 1370 179 1421 150
237 1357 400 1440 Octipedis
424 1357 539 1422 Cancri
560 1360 652 1441 terga
674 1357 803 1420 sinistra
823 1359 923 1426 time?

533 1479 685 1488 ——-

583 1554 629 1628 ΙΙ.

194 1678 277 1754 Quid
299 1678 415 1741 mirare
436 1699 523 1741 meas
544 1681 595 1741 tot
616 1679 650 1741 in
671 1700 736 1742 uno
752 1699 883 1762 corpore
905 1679 1049 1744 formas?

235 1764 355 1846 Accipe
376 1762 546 1825 Vertumni
567 1763 661 1848 signa
682 1766 815 1846 paterna
837 1763 896 1827 dei.
1022 1806 1024 1811 .

193 1847 315 1911 Tuscus
338 1867 397 1930 ego
422 1851 454 1909 et
474 1847 586 1911 Tuscis
609 1848 708 1928 orior,
731 1868 791 1911 nec
812 1849 956 1931 paenitet
976 1849 1061 1912 inter

236 1930 363 1995 Proelia
384 1929 559 1994 Volsonios
583 1930 757 1996 deseruisse
779 1932 878 1996 focos.

167 2015 286 2080 sHaec
308 2037 359 2079 me
381 2016 475 2079 turba
495 2017 592 2098 iuvat,
615 2038 674 2080 nec
695 2017 816 2099 templo
832 2017 933 2080 laetor
955 2016 1091 2082 eburno:

236 2101 417 2164 Romanum
439 2101 516 2163 satis
538 2104 586 2164 est
606 2122 701 2184 posse
723 2102 828 2164 videre
850 2102 965 2166 forum.

194 2184 264 2248 Hac
287 2184 447 2268 quondam
468 2185 636 2248 Tiberinus
657 2187 719 2249 iter
739 2186 886 2266 faciebat,
909 2189 941 2248 et
962 2185 1053 2250 aiunt

238 2270 410 2333 Remorum
433 2269 556 2332 auditos
578 2292 635 2352 per
656 2271 736 2332 vada
758 2271 848 2351 pulsa
870 2291 981 2335 sonos:

195 2356 242 2418 At
286 2358 433 2436 ostquam
454 2353 509 2416 ille
531 2353 596 2416 suis
617 2357 742 2416 tantum
765 2356 923 2417 concessit
944 2354 1092 2439 alumnis,

149 2451 181 2500 10
237 2378 432 2501 Virtumnus
453 2458 545 2500 verso
568 2438 656 2501 dicor
677 2439 717 2502 ab
739 2459 831 2501 amne
854 2439 940 2503 deus.

196 2521 269 2603 Seu,
292 2523 366 2604 quia
387 2522 539 2586 vertentis
561 2523 696 2586 fructum
720 2525 954 2606 praecerpimus
976 2525 1071 2608 anni,

239 2606 409 2670 Vertumni
430 2628 539 2670 rursus
555 2608 692 2670 creditur
714 2630 782 2671 esse
805 2629 940 2671 sacrum.

196 2690 305 2754 Prima
325 2690 405 2753 mihi
426 2691 528 2753 variat
550 2692 720 2754 liventibus
742 2715 803 2756 uva
823 2692 973 2776 racemis,

239 2775 284 2838 Et
306 2796 396 2838 coma
417 2776 548 2839 lactenti
570 2776 676 2858 spicea
694 2777 787 2860 fruge
808 2779 920 2840 tumet.

151 2858 259 2940 154Hic
282 2859 388 2922 dulces
411 2880 545 2942 cerasos,
567 2859 620 2924 hic
642 2861 838 2924 autumnalia
859 2882 962 2943 pruna

242 2942 353 3007 Cernis
376 2947 408 3007 et
429 2945 548 3008 aestivo
570 2967 662 3009 mora
682 2945 794 3009 rubere
817 2946 876 3008 die.

198 3026 317 3092 Insitor
338 3028 391 3092 hic
413 3030 508 3092 solvit
528 3050 662 3113 pomosa
683 3033 758 3092 1010
780 3050 911 3112 corona,

241 3111 322 3177 Cum
343 3114 431 3196 pirus
448 3115 547 3177 invito
571 3114 679 3196 stipite
701 3115 787 3176 111010
807 3115 891 3177 tulit.

199 3197 336 3261 Mendax
357 3198 443 3260 101110
463 3218 574 3261 noces:
598 3199 678 3260 alius
700 3198 780 3261 mihi
801 3198 940 3262 nominis
962 3199 1074 3266 index:

150 3295 184 3343 1ο
239 3280 289 3345 De
312 3304 345 3344 se
366 3283 509 3345 narranti
530 3285 565 3345 tu
586 3282 681 3346 modo
704 3282 796 3345 crede
818 3283 887 3347 dec.

200 3366 250 3450 Op
275 3369 388 3429 ortuna
409 3371 511 3429 meast
533 3367 654 3430 cunctis
677 3370 790 3430 natura
811 3368 937 3452 figuris:

242 3390 282 3513 111
304 3472 532 3533 quamcumque
553 3452 640 3515 voles
663 3455 765 3534 verte,
789 3452 921 3516 decorus
943 3474 1006 3517 ero.

199 3533 300 3599 Indue
323 3557 373 3598 me
397 3534 482 3614 Cois,
506 3536 579 3598 fiam
600 3557 668 3600 non
690 3536 767 3599 dura
787 3538 909 3620 puella:
