<?xml version="1.0" encoding="UTF-8"?>
<!DOCTYPE html PUBLIC "-//W3C//DTD XHTML 1.0 Transitional//EN"
    "http://www.w3.org/TR/xhtml1/DTD/xhtml1-transitional.dtd">
<html xmlns="http://www.w3.org/1999/xhtml" xml:lang="en" lang="en">
 <head>
  <title>
</title>
<meta http-equiv="Content-Type" content="text/html;charset=utf-8" />
  <meta name='ocr-system' content='tesseract 3.04.00' />
  <meta name='ocr-capabilities' content='ocr_page ocr_carea ocr_par ocr_line ocrx_word'/>
</head>
<body>
  <div class='ocr_page' id='page_1' title='image "./sexrecensvitlvc00propgoog_0089.png"; bbox 0 0 2392 3990; ppageno 0'>
   <div class='ocr_carea' id='block_1_1' title="bbox 178 236 1161 311">
    <p class='ocr_par' dir='ltr' id='par_1_1' title="bbox 178 236 1161 311">
     <span class='ocr_line' id='line_1_1' title="bbox 178 236 1161 311; baseline -0.012 -9"><span class='ocrx_word' id='word_1_1' title='bbox 178 239 218 302; x_wconf 79' lang='grc'>18</span> <span class='ocrx_word' id='word_1_2' title='bbox 547 241 741 298; x_wconf 79' lang='grc'><strong>00010010</strong></span> <span class='ocrx_word' id='word_1_3' title='bbox 1072 236 1161 311; x_wconf 68' lang='lat' dir='ltr'>[xx.</span> 
     </span>
    </p>
   </div>
   <div class='ocr_carea' id='block_1_2' title="bbox 178 403 1151 2177">
    <p class='ocr_par' dir='ltr' id='par_1_2' title="bbox 178 403 1151 2177">
     <span class='ocr_line' id='line_1_2' title="bbox 228 403 1088 486; baseline -0.006 -16"><span class='ocrx_word' id='word_1_4' title='bbox 228 403 291 470; x_wconf 86' lang='lat' dir='ltr'>Sed</span> <span class='ocrx_word' id='word_1_5' title='bbox 313 426 442 470; x_wconf 89' lang='lat' dir='ltr'>securus</span> <span class='ocrx_word' id='word_1_6' title='bbox 464 427 531 469; x_wconf 90' lang='lat' dir='ltr'>eas:</span> <span class='ocrx_word' id='word_1_7' title='bbox 556 405 681 470; x_wconf 83' lang='lat' dir='ltr'>Gallam</span> <span class='ocrx_word' id='word_1_8' title='bbox 702 426 769 469; x_wconf 92' lang='lat' dir='ltr'>non</span> <span class='ocrx_word' id='word_1_9' title='bbox 790 425 922 468; x_wconf 90' lang='lat' dir='ltr'>munera</span> <span class='ocrx_word' id='word_1_10' title='bbox 943 403 1088 486; x_wconf 86' lang='lat' dir='ltr'>vincent,</span> 
     </span>
     <span class='ocr_line' id='line_1_3' title="bbox 178 488 972 573; baseline 0 -23"><span class='ocrx_word' id='word_1_11' title='bbox 178 503 211 550; x_wconf 76' lang='lat'>20</span> <span class='ocrx_word' id='word_1_12' title='bbox 268 488 477 573; x_wconf 87' lang='lat' dir='ltr'>Duritiaeque</span> <span class='ocrx_word' id='word_1_13' title='bbox 498 494 571 554; x_wconf 84' lang='lat' dir='ltr'>tuae</span> <span class='ocrx_word' id='word_1_14' title='bbox 593 511 660 554; x_wconf 92' lang='lat' dir='ltr'>non</span> <span class='ocrx_word' id='word_1_15' title='bbox 682 490 742 554; x_wconf 91' lang='grc'><strong>0111</strong></span> <span class='ocrx_word' id='word_1_16' title='bbox 763 490 819 553; x_wconf 88' lang='lat' dir='ltr'>illa</span> <span class='ocrx_word' id='word_1_17' title='bbox 839 508 972 552; x_wconf 89' lang='lat' dir='ltr'>memor.</span> 
     </span>
     <span class='ocr_line' id='line_1_4' title="bbox 226 572 1094 657; baseline -0.003 -19"><span class='ocrx_word' id='word_1_18' title='bbox 226 573 311 638; x_wconf 89' lang='lat' dir='ltr'>Nam</span> <span class='ocrx_word' id='word_1_19' title='bbox 334 595 534 657; x_wconf 90' lang='lat' dir='ltr'>quocumque</span> <span class='ocrx_word' id='word_1_20' title='bbox 556 574 607 638; x_wconf 89' lang='lat' dir='ltr'>die</span> <span class='ocrx_word' id='word_1_21' title='bbox 629 575 753 638; x_wconf 87' lang='lat' dir='ltr'>salvum</span> <span class='ocrx_word' id='word_1_22' title='bbox 773 578 806 637; x_wconf 89' lang='lat' dir='ltr'>te</span> <span class='ocrx_word' id='word_1_23' title='bbox 828 573 895 636; x_wconf 84' lang='lat' dir='ltr'>sata</span> <span class='ocrx_word' id='word_1_24' title='bbox 915 572 1094 654; x_wconf 88' lang='lat' dir='ltr'>remittent,</span> 
     </span>
     <span class='ocr_line' id='line_1_5' title="bbox 271 658 874 742; baseline -0.002 -20"><span class='ocrx_word' id='word_1_25' title='bbox 271 658 429 722; x_wconf 89' lang='lat' dir='ltr'>Pendebit</span> <span class='ocrx_word' id='word_1_26' title='bbox 451 659 535 722; x_wconf 93' lang='lat' dir='ltr'>collo</span> <span class='ocrx_word' id='word_1_27' title='bbox 559 658 651 723; x_wconf 83' lang='lat' dir='ltr'>Galla</span> <span class='ocrx_word' id='word_1_28' title='bbox 672 658 789 742; x_wconf 88' lang='lat' dir='ltr'>pudiea</span> <span class='ocrx_word' id='word_1_29' title='bbox 809 661 874 721; x_wconf 89' lang='lat' dir='ltr'>tuo.</span> 
     </span>
     <span class='ocr_line' id='line_1_6' title="bbox 227 740 1050 826; baseline -0.002 -20"><span class='ocrx_word' id='word_1_30' title='bbox 227 741 398 806; x_wconf 73' lang='lat' dir='ltr'><strong>Postumus</strong></span> <span class='ocrx_word' id='word_1_31' title='bbox 421 742 502 806; x_wconf 90' lang='lat' dir='ltr'>alter</span> <span class='ocrx_word' id='word_1_32' title='bbox 524 743 584 806; x_wconf 91' lang='lat' dir='ltr'>erit</span> <span class='ocrx_word' id='word_1_33' title='bbox 605 743 750 807; x_wconf 88' lang='lat' dir='ltr'>miranda</span> <span class='ocrx_word' id='word_1_34' title='bbox 771 743 907 826; x_wconf 89' lang='lat' dir='ltr'>coniuge</span> <span class='ocrx_word' id='word_1_35' title='bbox 929 740 1050 805; x_wconf 84' lang='lat' dir='ltr'><strong>Vlixes.</strong></span> 
     </span>
     <span class='ocr_line' id='line_1_7' title="bbox 269 826 925 910; baseline -0.002 -20"><span class='ocrx_word' id='word_1_36' title='bbox 269 826 346 890; x_wconf 90' lang='lat' dir='ltr'>Non</span> <span class='ocrx_word' id='word_1_37' title='bbox 368 826 416 890; x_wconf 92' lang='lat' dir='ltr'>illi</span> <span class='ocrx_word' id='word_1_38' title='bbox 439 827 554 910; x_wconf 84' lang='lat' dir='ltr'>longae</span> <span class='ocrx_word' id='word_1_39' title='bbox 576 831 627 891; x_wconf 91' lang='lat' dir='ltr'>tot</span> <span class='ocrx_word' id='word_1_40' title='bbox 646 849 782 891; x_wconf 83' lang='lat' dir='ltr'><strong>nocuere</strong></span> <span class='ocrx_word' id='word_1_41' title='bbox 803 847 925 908; x_wconf 89' lang='lat' dir='ltr'>morae,</span> 
     </span>
     <span class='ocr_line' id='line_1_8' title="bbox 179 908 1151 994; baseline 0 -22"><span class='ocrx_word' id='word_1_42' title='bbox 179 923 210 972; x_wconf 81' lang='lat'>25</span> <span class='ocrx_word' id='word_1_43' title='bbox 227 909 340 977; x_wconf 80' lang='lat' dir='ltr'>Castra</span> <span class='ocrx_word' id='word_1_44' title='bbox 354 910 463 976; x_wconf 90' lang='lat' dir='ltr'>decem</span> <span class='ocrx_word' id='word_1_45' title='bbox 478 932 644 994; x_wconf 87' lang='lat' dir='ltr'>annorum,</span> <span class='ocrx_word' id='word_1_46' title='bbox 660 914 693 975; x_wconf 91' lang='lat' dir='ltr'>et</span> <span class='ocrx_word' id='word_1_47' title='bbox 705 910 860 976; x_wconf 82' lang='lat' dir='ltr'>Ciconum</span> <span class='ocrx_word' id='word_1_48' title='bbox 868 932 992 992; x_wconf 88' lang='lat' dir='ltr'>manus,</span> <span class='ocrx_word' id='word_1_49' title='bbox 1008 908 1151 973; x_wconf 77' lang='lat' dir='ltr'>Ismara</span> 
     </span>
     <span class='ocr_line' id='line_1_9' title="bbox 772 999 881 1079; baseline -0.009 -20"><span class='ocrx_word' id='word_1_50' title='bbox 772 999 881 1079; x_wconf 87' lang='lat' dir='ltr'>capta,</span> 
     </span>
     <span class='ocr_line' id='line_1_10' title="bbox 269 1078 1056 1163; baseline -0.004 -19"><span class='ocrx_word' id='word_1_51' title='bbox 269 1078 473 1163; x_wconf 77' lang='lat' dir='ltr'>Exustaeque</span> <span class='ocrx_word' id='word_1_52' title='bbox 495 1083 569 1144; x_wconf 87' lang='lat' dir='ltr'>tuae</span> <span class='ocrx_word' id='word_1_53' title='bbox 590 1102 680 1162; x_wconf 85' lang='lat' dir='ltr'>mox,</span> <span class='ocrx_word' id='word_1_54' title='bbox 703 1079 913 1163; x_wconf 86' lang='lat' dir='ltr'><strong>Polypheme,</strong></span> <span class='ocrx_word' id='word_1_55' title='bbox 936 1100 1056 1163; x_wconf 86' lang='lat' dir='ltr'>genae,</span> 
     </span>
     <span class='ocr_line' id='line_1_11' title="bbox 231 1162 1107 1248; baseline -0.002 -19"><span class='ocrx_word' id='word_1_56' title='bbox 231 1162 275 1229; x_wconf 82' lang='lat' dir='ltr'>Et</span> <span class='ocrx_word' id='word_1_57' title='bbox 298 1164 410 1230; x_wconf 81' lang='lat' dir='ltr'>Circae</span> <span class='ocrx_word' id='word_1_58' title='bbox 431 1165 573 1247; x_wconf 88' lang='lat' dir='ltr'>fraudes,</span> <span class='ocrx_word' id='word_1_59' title='bbox 595 1164 741 1248; x_wconf 88' lang='lat' dir='ltr'>lotosque</span> <span class='ocrx_word' id='word_1_60' title='bbox 762 1165 941 1247; x_wconf 81' lang='lat' dir='ltr'>herbaeque</span> <span class='ocrx_word' id='word_1_61' title='bbox 962 1166 1107 1245; x_wconf 77' lang='lat' dir='ltr'>tenaces,</span> 
     </span>
     <span class='ocr_line' id='line_1_12' title="bbox 270 1247 1110 1333; baseline -0.002 -19"><span class='ocrx_word' id='word_1_62' title='bbox 270 1247 438 1333; x_wconf 77' lang='lat' dir='ltr'>Scyllaque</span> <span class='ocrx_word' id='word_1_63' title='bbox 461 1251 493 1313; x_wconf 93' lang='lat' dir='ltr'>et</span> <span class='ocrx_word' id='word_1_64' title='bbox 515 1250 653 1313; x_wconf 87' lang='lat' dir='ltr'>alternas</span> <span class='ocrx_word' id='word_1_65' title='bbox 675 1249 775 1313; x_wconf 89' lang='lat' dir='ltr'>scissa</span> <span class='ocrx_word' id='word_1_66' title='bbox 796 1247 974 1331; x_wconf 81' lang='lat' dir='ltr'>Charybdis</span> <span class='ocrx_word' id='word_1_67' title='bbox 996 1269 1110 1331; x_wconf 83' lang='lat' dir='ltr'>aquas,</span> 
     </span>
     <span class='ocr_line' id='line_1_13' title="bbox 193 1330 1035 1418; baseline -0.002 -20"><span class='ocrx_word' id='word_1_68' title='bbox 193 1330 195 1337; x_wconf 76' lang='grc'><strong>’</strong></span> <span class='ocrx_word' id='word_1_69' title='bbox 227 1332 408 1418; x_wconf 76' lang='lat' dir='ltr'>Lampeties</span> <span class='ocrx_word' id='word_1_70' title='bbox 430 1333 551 1398; x_wconf 91' lang='lat' dir='ltr'>Ithacis</span> <span class='ocrx_word' id='word_1_71' title='bbox 572 1334 699 1398; x_wconf 84' lang='lat' dir='ltr'>veribus</span> <span class='ocrx_word' id='word_1_72' title='bbox 721 1334 862 1416; x_wconf 83' lang='lat' dir='ltr'>mugisse</span> <span class='ocrx_word' id='word_1_73' title='bbox 883 1333 1035 1396; x_wconf 86' lang='lat' dir='ltr'>iuvencos</span> 
     </span>
     <span class='ocr_line' id='line_1_14' title="bbox 178 1416 976 1504; baseline 0 -24"><span class='ocrx_word' id='word_1_74' title='bbox 178 1431 212 1480; x_wconf 81' lang='lat'>80</span> <span class='ocrx_word' id='word_1_75' title='bbox 269 1417 419 1504; x_wconf 86' lang='lat' dir='ltr'>(Paverat</span> <span class='ocrx_word' id='word_1_76' title='bbox 439 1417 499 1482; x_wconf 90' lang='lat' dir='ltr'>hos</span> <span class='ocrx_word' id='word_1_77' title='bbox 521 1417 652 1482; x_wconf 91' lang='lat' dir='ltr'>Phoebo</span> <span class='ocrx_word' id='word_1_78' title='bbox 674 1418 740 1480; x_wconf 88' lang='lat' dir='ltr'>filia</span> <span class='ocrx_word' id='word_1_79' title='bbox 761 1416 976 1503; x_wconf 81' lang='lat' dir='ltr'>Lampetie),</span> 
     </span>
     <span class='ocr_line' id='line_1_15' title="bbox 227 1501 1050 1586; baseline -0.001 -19"><span class='ocrx_word' id='word_1_80' title='bbox 227 1502 273 1568; x_wconf 82' lang='lat' dir='ltr'>Et</span> <span class='ocrx_word' id='word_1_81' title='bbox 293 1503 468 1567; x_wconf 78' lang='lat' dir='ltr'>thalamum</span> <span class='ocrx_word' id='word_1_82' title='bbox 491 1504 614 1565; x_wconf 88' lang='lat' dir='ltr'>Aeaeae</span> <span class='ocrx_word' id='word_1_83' title='bbox 636 1501 743 1565; x_wconf 87' lang='lat' dir='ltr'>flentis</span> <span class='ocrx_word' id='word_1_84' title='bbox 765 1502 885 1586; x_wconf 86' lang='lat' dir='ltr'>fugisse</span> <span class='ocrx_word' id='word_1_85' title='bbox 906 1501 1050 1584; x_wconf 81' lang='lat' dir='ltr'>puellae,</span> 
     </span>
     <span class='ocr_line' id='line_1_16' title="bbox 270 1586 1049 1671; baseline -0.001 -21"><span class='ocrx_word' id='word_1_86' title='bbox 270 1587 394 1671; x_wconf 84' lang='lat' dir='ltr'>Totque</span> <span class='ocrx_word' id='word_1_87' title='bbox 416 1586 529 1649; x_wconf 89' lang='lat' dir='ltr'>hiemis</span> <span class='ocrx_word' id='word_1_88' title='bbox 551 1588 662 1649; x_wconf 90' lang='lat' dir='ltr'>noctes</span> <span class='ocrx_word' id='word_1_89' title='bbox 684 1589 795 1669; x_wconf 88' lang='lat' dir='ltr'>totque</span> <span class='ocrx_word' id='word_1_90' title='bbox 816 1591 944 1650; x_wconf 85' lang='lat' dir='ltr'>natasse</span> <span class='ocrx_word' id='word_1_91' title='bbox 966 1586 1049 1668; x_wconf 88' lang='lat' dir='ltr'>dies,</span> 
     </span>
     <span class='ocr_line' id='line_1_17' title="bbox 227 1670 1126 1779; baseline -0.001 -44"><span class='ocrx_word' id='word_1_92' title='bbox 227 1671 466 1779; x_wconf 83' lang='lat' dir='ltr'>Nigrantesque</span> <span class='ocrx_word' id='word_1_93' title='bbox 488 1670 599 1734; x_wconf 88' lang='lat' dir='ltr'>domos</span> <span class='ocrx_word' id='word_1_94' title='bbox 623 1670 800 1734; x_wconf 90' lang='lat' dir='ltr'>animarum</span> <span class='ocrx_word' id='word_1_95' title='bbox 814 1671 952 1734; x_wconf 86' lang='lat' dir='ltr'>intrasse</span> <span class='ocrx_word' id='word_1_96' title='bbox 966 1670 1126 1753; x_wconf 82' lang='lat' dir='ltr'>silentum,</span> 
     </span>
     <span class='ocr_line' id='line_1_18' title="bbox 271 1753 926 1842; baseline -0.002 -23"><span class='ocrx_word' id='word_1_97' title='bbox 271 1757 417 1820; x_wconf 70' lang='lat' dir='ltr'>birenum</span> <span class='ocrx_word' id='word_1_98' title='bbox 439 1753 534 1818; x_wconf 90' lang='lat' dir='ltr'>surdo</span> <span class='ocrx_word' id='word_1_99' title='bbox 557 1755 678 1842; x_wconf 83' lang='lat' dir='ltr'>remige</span> <span class='ocrx_word' id='word_1_100' title='bbox 699 1755 802 1819; x_wconf 84' lang='lat' dir='ltr'>adisse</span> <span class='ocrx_word' id='word_1_101' title='bbox 824 1755 926 1837; x_wconf 89' lang='lat' dir='ltr'>lacus,</span> 
     </span>
     <span class='ocr_line' id='line_1_19' title="bbox 181 1839 1012 1923; baseline 0.002 -22"><span class='ocrx_word' id='word_1_102' title='bbox 181 1852 211 1901; x_wconf 79' lang='grc'>05</span> <span class='ocrx_word' id='word_1_103' title='bbox 228 1840 272 1903; x_wconf 85' lang='grc' dir='ltr'>Ε1</span> <span class='ocrx_word' id='word_1_104' title='bbox 295 1843 415 1903; x_wconf 86' lang='lat' dir='ltr'>veteres</span> <span class='ocrx_word' id='word_1_105' title='bbox 437 1860 528 1903; x_wconf 88' lang='lat' dir='ltr'>arcus</span> <span class='ocrx_word' id='word_1_106' title='bbox 550 1839 614 1902; x_wconf 92' lang='lat' dir='ltr'>leto</span> <span class='ocrx_word' id='word_1_107' title='bbox 637 1860 806 1903; x_wconf 85' lang='lat' dir='ltr'>renovasse</span> <span class='ocrx_word' id='word_1_108' title='bbox 827 1861 1012 1923; x_wconf 91' lang='lat' dir='ltr'>procorum,</span> 
     </span>
     <span class='ocr_line' id='line_1_20' title="bbox 269 1923 923 2007; baseline -0.006 -19"><span class='ocrx_word' id='word_1_109' title='bbox 269 1923 458 2007; x_wconf 82' lang='lat' dir='ltr'>Errorisque</span> <span class='ocrx_word' id='word_1_110' title='bbox 480 1924 529 1987; x_wconf 89' lang='grc'>001</span> <span class='ocrx_word' id='word_1_111' title='bbox 552 1924 597 1988; x_wconf 87' lang='grc'>010</span> <span class='ocrx_word' id='word_1_112' title='bbox 618 1925 766 1988; x_wconf 87' lang='lat' dir='ltr'>statuisse</span> <span class='ocrx_word' id='word_1_113' title='bbox 786 1923 923 1988; x_wconf 87' lang='lat' dir='ltr'>modum.</span> 
     </span>
     <span class='ocr_line' id='line_1_21' title="bbox 227 2007 1078 2091; baseline -0.002 -16"><span class='ocrx_word' id='word_1_114' title='bbox 227 2007 259 2075; x_wconf 91' lang='lat' dir='ltr'>N</span> <span class='ocrx_word' id='word_1_115' title='bbox 262 2029 297 2073; x_wconf 90' lang='lat' dir='ltr'>ec</span> <span class='ocrx_word' id='word_1_116' title='bbox 318 2007 451 2090; x_wconf 88' lang='lat' dir='ltr'>frustra,</span> <span class='ocrx_word' id='word_1_117' title='bbox 474 2008 548 2091; x_wconf 87' lang='lat' dir='ltr'>quia</span> <span class='ocrx_word' id='word_1_118' title='bbox 569 2013 657 2072; x_wconf 89' lang='lat' dir='ltr'>casta</span> <span class='ocrx_word' id='word_1_119' title='bbox 679 2008 765 2071; x_wconf 88' lang='lat' dir='ltr'>domi</span> <span class='ocrx_word' id='word_1_120' title='bbox 786 2007 969 2091; x_wconf 89' lang='lat' dir='ltr'>persederat</span> <span class='ocrx_word' id='word_1_121' title='bbox 988 2029 1078 2074; x_wconf 83' lang='lat' dir='ltr'>uxor.</span> 
     </span>
     <span class='ocr_line' id='line_1_22' title="bbox 269 2092 932 2177; baseline -0.002 -20"><span class='ocrx_word' id='word_1_122' title='bbox 269 2092 380 2158; x_wconf 88' lang='lat' dir='ltr'>Vincit</span> <span class='ocrx_word' id='word_1_123' title='bbox 400 2092 577 2177; x_wconf 91' lang='lat' dir='ltr'>Penelopes</span> <span class='ocrx_word' id='word_1_124' title='bbox 598 2093 693 2157; x_wconf 86' lang='lat' dir='ltr'>Aelia</span> <span class='ocrx_word' id='word_1_125' title='bbox 715 2092 807 2157; x_wconf 83' lang='lat' dir='ltr'>Galla</span> <span class='ocrx_word' id='word_1_126' title='bbox 827 2092 932 2156; x_wconf 86' lang='lat' dir='ltr'>fidem</span> 
     </span>
    </p>
   </div>
   <div class='ocr_carea' id='block_1_3' title="bbox 535 2249 759 2407">
    <p class='ocr_par' dir='ltr' id='par_1_3' title="bbox 535 2249 759 2407">
     <span class='ocr_line' id='line_1_23' title="bbox 535 2249 759 2407; baseline 0.018 -29"><span class='ocrx_word' id='word_1_127' title='bbox 535 2249 759 2407; x_wconf 49' lang='lat' dir='ltr'>rupi—mr</span> 
     </span>
    </p>
   </div>
   <div class='ocr_carea' id='block_1_4' title="bbox 92 2429 1095 2515">
    <p class='ocr_par' dir='ltr' id='par_1_4' title="bbox 92 2429 1095 2515">
     <span class='ocr_line' id='line_1_24' title="bbox 92 2429 1095 2515; baseline 0.001 -22"><span class='ocrx_word' id='word_1_128' title='bbox 92 2478 94 2482; x_wconf 15' lang='grc' dir='ltr'><em>Α</em></span> <span class='ocrx_word' id='word_1_129' title='bbox 228 2430 402 2512; x_wconf 79' lang='lat' dir='ltr'>Quaeritis,</span> <span class='ocrx_word' id='word_1_130' title='bbox 424 2429 509 2493; x_wconf 92' lang='lat' dir='ltr'>unde</span> <span class='ocrx_word' id='word_1_131' title='bbox 531 2429 631 2493; x_wconf 80' lang='lat' dir='ltr'>avidis</span> <span class='ocrx_word' id='word_1_132' title='bbox 652 2450 717 2493; x_wconf 84' lang='lat' dir='ltr'>nox</span> <span class='ocrx_word' id='word_1_133' title='bbox 739 2430 782 2494; x_wconf 91' lang='lat' dir='ltr'>sit</span> <span class='ocrx_word' id='word_1_134' title='bbox 802 2431 942 2515; x_wconf 88' lang='lat' dir='ltr'>pretiosa</span> <span class='ocrx_word' id='word_1_135' title='bbox 962 2430 1095 2515; x_wconf 89' lang='lat' dir='ltr'>puellis,</span> 
     </span>
    </p>
   </div>
   <div class='ocr_carea' id='block_1_5' title="bbox 66 3660 146 3764">
    <p class='ocr_par' dir='ltr' id='par_1_5' title="bbox 66 3660 146 3764">
     <span class='ocr_line' id='line_1_25' title="bbox 66 3660 146 3764; baseline 0 0"><span class='ocrx_word' id='word_1_136' title='bbox 66 3660 146 3764; x_wconf 61' lang='grc' dir='ltr'>ἱ</span> 
     </span>
    </p>
   </div>
   <div class='ocr_carea' id='block_1_6' title="bbox 180 2512 1101 3610">
    <p class='ocr_par' dir='ltr' id='par_1_6' title="bbox 180 2512 1101 3610">
     <span class='ocr_line' id='line_1_26' title="bbox 270 2512 1091 2599; baseline 0.002 -22"><span class='ocrx_word' id='word_1_137' title='bbox 270 2514 315 2577; x_wconf 82' lang='lat' dir='ltr'>Et</span> <span class='ocrx_word' id='word_1_138' title='bbox 337 2514 460 2579; x_wconf 90' lang='lat' dir='ltr'>Venere</span> <span class='ocrx_word' id='word_1_139' title='bbox 482 2512 652 2578; x_wconf 87' lang='lat' dir='ltr'>exhaustae</span> <span class='ocrx_word' id='word_1_140' title='bbox 674 2514 789 2579; x_wconf 88' lang='lat' dir='ltr'>damna</span> <span class='ocrx_word' id='word_1_141' title='bbox 811 2518 981 2599; x_wconf 87' lang='lat' dir='ltr'>querantur</span> <span class='ocrx_word' id='word_1_142' title='bbox 1003 2536 1091 2598; x_wconf 83' lang='lat' dir='ltr'>opes</span> 
     </span>
     <span class='ocr_line' id='line_1_27' title="bbox 229 2598 1094 2682; baseline -0.001 -18"><span class='ocrx_word' id='word_1_143' title='bbox 229 2598 325 2665; x_wconf 81' lang='lat' dir='ltr'>Certa</span> <span class='ocrx_word' id='word_1_144' title='bbox 346 2599 473 2682; x_wconf 89' lang='lat' dir='ltr'>quidem</span> <span class='ocrx_word' id='word_1_145' title='bbox 494 2599 593 2661; x_wconf 85' lang='lat' dir='ltr'>tantis</span> <span class='ocrx_word' id='word_1_146' title='bbox 616 2620 710 2663; x_wconf 88' lang='lat' dir='ltr'>causa</span> <span class='ocrx_word' id='word_1_147' title='bbox 731 2603 764 2663; x_wconf 90' lang='lat' dir='ltr'>et</span> <span class='ocrx_word' id='word_1_148' title='bbox 784 2601 954 2663; x_wconf 84' lang='lat' dir='ltr'>manifesta</span> <span class='ocrx_word' id='word_1_149' title='bbox 974 2600 1094 2664; x_wconf 75' lang='lat' dir='ltr'>ruinisr</span> 
     </span>
     <span class='ocr_line' id='line_1_28' title="bbox 271 2682 925 2748; baseline 0 -2"><span class='ocrx_word' id='word_1_150' title='bbox 271 2683 429 2747; x_wconf 84' lang='lat' dir='ltr'>Luxuriae</span> <span class='ocrx_word' id='word_1_151' title='bbox 450 2682 584 2746; x_wconf 92' lang='lat' dir='ltr'>nimium</span> <span class='ocrx_word' id='word_1_152' title='bbox 606 2683 707 2747; x_wconf 86' lang='lat' dir='ltr'>libera</span> <span class='ocrx_word' id='word_1_153' title='bbox 728 2685 812 2748; x_wconf 84' lang='lat' dir='ltr'>facta</span> <span class='ocrx_word' id='word_1_154' title='bbox 833 2685 925 2747; x_wconf 69' lang='lat' dir='ltr'>viast,</span> 
     </span>
     <span class='ocr_line' id='line_1_29' title="bbox 202 2767 1006 2850; baseline -0.001 -18"><span class='ocrx_word' id='word_1_155' title='bbox 202 2767 315 2839; x_wconf 83' lang='grc' dir='ltr'><strong>510(Ιο</strong></span> <span class='ocrx_word' id='word_1_156' title='bbox 337 2767 423 2831; x_wconf 85' lang='lat' dir='ltr'>cavis</span> <span class='ocrx_word' id='word_1_157' title='bbox 445 2789 556 2830; x_wconf 88' lang='lat' dir='ltr'>aurum</span> <span class='ocrx_word' id='word_1_158' title='bbox 577 2769 678 2831; x_wconf 88' lang='lat' dir='ltr'>mittit</span> <span class='ocrx_word' id='word_1_159' title='bbox 698 2767 833 2832; x_wconf 84' lang='lat' dir='ltr'>formica</span> <span class='ocrx_word' id='word_1_160' title='bbox 853 2768 1006 2850; x_wconf 89' lang='lat' dir='ltr'>metallis,</span> 
     </span>
     <span class='ocr_line' id='line_1_30' title="bbox 270 2851 989 2935; baseline 0 -20"><span class='ocrx_word' id='word_1_161' title='bbox 270 2852 315 2915; x_wconf 82' lang='lat' dir='ltr'>Et</span> <span class='ocrx_word' id='word_1_162' title='bbox 335 2852 423 2915; x_wconf 90' lang='lat' dir='ltr'>venit</span> <span class='ocrx_word' id='word_1_163' title='bbox 444 2873 462 2915; x_wconf 88' lang='lat' dir='ltr'>e</span> <span class='ocrx_word' id='word_1_164' title='bbox 482 2851 579 2914; x_wconf 89' lang='lat' dir='ltr'>rubro</span> <span class='ocrx_word' id='word_1_165' title='bbox 602 2853 725 2916; x_wconf 87' lang='lat' dir='ltr'>concha</span> <span class='ocrx_word' id='word_1_166' title='bbox 745 2852 885 2935; x_wconf 78' lang='lat' dir='ltr'>Erycina</span> <span class='ocrx_word' id='word_1_167' title='bbox 907 2853 989 2934; x_wconf 89' lang='lat' dir='ltr'>salo,</span> 
     </span>
     <span class='ocr_line' id='line_1_31' title="bbox 227 2935 1027 3020; baseline -0.001 -19"><span class='ocrx_word' id='word_1_168' title='bbox 227 2935 272 3001; x_wconf 84' lang='lat' dir='ltr'>Et</span> <span class='ocrx_word' id='word_1_169' title='bbox 293 2937 394 3020; x_wconf 78' lang='lat' dir='ltr'>Tyros</span> <span class='ocrx_word' id='word_1_170' title='bbox 416 2937 555 3000; x_wconf 88' lang='lat' dir='ltr'>ostrinos</span> <span class='ocrx_word' id='word_1_171' title='bbox 577 2938 709 3018; x_wconf 89' lang='lat' dir='ltr'>praebet</span> <span class='ocrx_word' id='word_1_172' title='bbox 731 2937 869 3002; x_wconf 86' lang='lat' dir='ltr'>Cadmea</span> <span class='ocrx_word' id='word_1_173' title='bbox 891 2938 1027 3020; x_wconf 89' lang='lat' dir='ltr'>colores,</span> 
     </span>
     <span class='ocr_line' id='line_1_32' title="bbox 273 3019 1014 3104; baseline 0 -19"><span class='ocrx_word' id='word_1_174' title='bbox 273 3019 453 3085; x_wconf 78' lang='lat' dir='ltr'>Cinnamon</span> <span class='ocrx_word' id='word_1_175' title='bbox 475 3026 507 3085; x_wconf 93' lang='lat' dir='ltr'>et</span> <span class='ocrx_word' id='word_1_176' title='bbox 529 3022 621 3084; x_wconf 90' lang='lat' dir='ltr'>multi</span> <span class='ocrx_word' id='word_1_177' title='bbox 642 3025 752 3104; x_wconf 90' lang='lat' dir='ltr'>pastor</span> <span class='ocrx_word' id='word_1_178' title='bbox 774 3023 879 3085; x_wconf 88' lang='lat' dir='ltr'>odoris</span> <span class='ocrx_word' id='word_1_179' title='bbox 901 3021 1014 3085; x_wconf 85' lang='lat' dir='ltr'>Arabs.</span> 
     </span>
     <span class='ocr_line' id='line_1_33' title="bbox 228 3104 1101 3191; baseline 0.002 -23"><span class='ocrx_word' id='word_1_180' title='bbox 228 3104 317 3169; x_wconf 88' lang='lat' dir='ltr'>Haec</span> <span class='ocrx_word' id='word_1_181' title='bbox 339 3107 435 3169; x_wconf 88' lang='lat' dir='ltr'>etiam</span> <span class='ocrx_word' id='word_1_182' title='bbox 456 3105 614 3188; x_wconf 90' lang='lat' dir='ltr'>nymphas</span> <span class='ocrx_word' id='word_1_183' title='bbox 636 3110 822 3188; x_wconf 79' lang='lat' dir='ltr'>expuonant</span> <span class='ocrx_word' id='word_1_184' title='bbox 843 3128 931 3169; x_wconf 88' lang='grc'><strong>01100</strong></span> <span class='ocrx_word' id='word_1_185' title='bbox 951 3105 1101 3191; x_wconf 87' lang='lat' dir='ltr'>pudicas,</span> 
     </span>
     <span class='ocr_line' id='line_1_34' title="bbox 180 3159 973 3273; baseline 0.005 -23"><span class='ocrx_word' id='word_1_186' title='bbox 180 3202 214 3252; x_wconf 82' lang='grc'>10</span> <span class='ocrx_word' id='word_1_187' title='bbox 271 3188 420 3273; x_wconf 87' lang='lat' dir='ltr'>Quaeque</span> <span class='ocrx_word' id='word_1_188' title='bbox 442 3193 558 3273; x_wconf 88' lang='lat' dir='ltr'>gerunt</span> <span class='ocrx_word' id='word_1_189' title='bbox 579 3189 697 3270; x_wconf 87' lang='lat' dir='ltr'>fastus,</span> <span class='ocrx_word' id='word_1_190' title='bbox 719 3159 863 3271; x_wconf 64' lang='lat' dir='ltr'>icarioti,</span> <span class='ocrx_word' id='word_1_191' title='bbox 885 3193 973 3254; x_wconf 90' lang='lat' dir='ltr'>tuos:</span> 
     </span>
     <span class='ocr_line' id='line_1_35' title="bbox 228 3274 961 3358; baseline 0 -21"><span class='ocrx_word' id='word_1_192' title='bbox 228 3274 518 3351; x_wconf 16' lang='lat' dir='ltr'>Matrona-incedit</span> <span class='ocrx_word' id='word_1_193' title='bbox 540 3295 653 3337; x_wconf 89' lang='lat' dir='ltr'>census</span> <span class='ocrx_word' id='word_1_194' title='bbox 676 3274 787 3338; x_wconf 91' lang='lat' dir='ltr'>induta</span> <span class='ocrx_word' id='word_1_195' title='bbox 808 3277 961 3358; x_wconf 93' lang='lat' dir='ltr'>nepotum</span> 
     </span>
     <span class='ocr_line' id='line_1_36' title="bbox 271 3358 1041 3443; baseline 0.001 -21"><span class='ocrx_word' id='word_1_196' title='bbox 271 3359 315 3422; x_wconf 86' lang='lat' dir='ltr'>Et</span> <span class='ocrx_word' id='word_1_197' title='bbox 336 3359 439 3442; x_wconf 85' lang='lat' dir='ltr'>spolia</span> <span class='ocrx_word' id='word_1_198' title='bbox 461 3358 623 3440; x_wconf 91' lang='lat' dir='ltr'>opprobrii</span> <span class='ocrx_word' id='word_1_199' title='bbox 646 3362 756 3422; x_wconf 88' lang='lat' dir='ltr'>nostra</span> <span class='ocrx_word' id='word_1_200' title='bbox 775 3381 834 3443; x_wconf 92' lang='lat' dir='ltr'>per</span> <span class='ocrx_word' id='word_1_201' title='bbox 855 3379 911 3422; x_wconf 92' lang='lat' dir='ltr'>ora</span> <span class='ocrx_word' id='word_1_202' title='bbox 933 3358 1041 3426; x_wconf 86' lang='lat' dir='ltr'>trahit.</span> 
     </span>
     <span class='ocr_line' id='line_1_37' title="bbox 229 3442 1020 3538; baseline -0.003 -30"><span class='ocrx_word' id='word_1_203' title='bbox 229 3442 360 3509; x_wconf 87' lang='lat' dir='ltr'>Nullast</span> <span class='ocrx_word' id='word_1_204' title='bbox 379 3442 548 3538; x_wconf 87' lang='lat' dir='ltr'>poscendi,</span> <span class='ocrx_word' id='word_1_205' title='bbox 571 3443 691 3506; x_wconf 89' lang='lat' dir='ltr'>nullast</span> <span class='ocrx_word' id='word_1_206' title='bbox 710 3443 887 3506; x_wconf 88' lang='lat' dir='ltr'>reverentia</span> <span class='ocrx_word' id='word_1_207' title='bbox 909 3444 1020 3529; x_wconf 89' lang='lat' dir='ltr'>dandi,</span> 
     </span>
     <span class='ocr_line' id='line_1_38' title="bbox 271 3527 978 3610; baseline 0.001 -20"><span class='ocrx_word' id='word_1_208' title='bbox 271 3531 338 3590; x_wconf 79' lang='lat' dir='ltr'>Aut</span> <span class='ocrx_word' id='word_1_209' title='bbox 359 3529 496 3610; x_wconf 83' lang='lat' dir='ltr'>srquast,</span> <span class='ocrx_word' id='word_1_210' title='bbox 518 3527 620 3610; x_wconf 88' lang='lat' dir='ltr'>pretio</span> <span class='ocrx_word' id='word_1_211' title='bbox 642 3527 766 3590; x_wconf 89' lang='lat' dir='ltr'>tollitur</span> <span class='ocrx_word' id='word_1_212' title='bbox 788 3528 858 3610; x_wconf 89' lang='lat' dir='ltr'>ipsa</span> <span class='ocrx_word' id='word_1_213' title='bbox 879 3549 978 3592; x_wconf 86' lang='lat' dir='ltr'>mora.</span> 
     </span>
    </p>
   </div>
   <div class='ocr_carea' id='block_1_7' title="bbox 0 0 1200 3990">
    <p class='ocr_par' dir='ltr' id='par_1_7' title="bbox 0 0 1200 3990">
     <span class='ocr_line' id='line_1_39' title="bbox 0 0 1200 3990; baseline 0 0"><span class='ocrx_word' id='word_1_214' title='bbox 0 0 1200 3990; x_wconf 95' lang='lat' dir='ltr'> </span> 
     </span>
    </p>
   </div>
  </div>
 </body>
</html>
