2392 3990
1119 72 1126 195 l

119 209 159 273 98
502 213 696 269 1101111111
1037 213 1084 285 [11
1123 204 1127 215 ’

182 378 227 442 Α1
249 377 318 460 tibi,
339 376 503 459 Mamurri,
526 376 647 441 formae
669 376 807 442 caelator
828 375 965 460 ahenas,

225 462 332 526 Tellus
355 462 491 526 artifices
513 484 555 526 ne
576 466 660 526 terat
682 462 765 527 Osca
786 484 915 545 manus,

183 545 245 623 Qui
266 568 318 610 me
339 549 406 610 tam
429 547 546 610 dociles
568 548 703 630 potuisti
724 547 856 612 fundere
877 547 912 610 in
933 567 1019 610 usus

224 629 333 695 Vnum
354 652 433 715 opus
461 635 524 713 est,
553 633 642 714 operi
663 653 730 695 non
752 631 844 696 datur
865 653 947 694 unus
969 629 1085 696 honos.

527 763 679 772 --.-

567 847 630 922 ΙΠ.

183 968 271 1033 Η100
292 969 453 1034 Arethusa
475 991 532 1034 suo
554 971 656 1034 mittit
675 970 826 1034 mandata
840 970 996 1055 Lycotae,

227 1053 308 1118 (lum
329 1056 450 1119 totiens
472 1056 572 1136 absis,
597 1056 624 1119 si
645 1059 738 1138 potes
761 1077 829 1119 esse
851 1077 950 1119 meus.

185 1136 282 1286 Silla
303 1143 413 1203 tamen
434 1140 494 1203 tibi
515 1141 636 1204 lecturo
659 1163 733 1223 pars
756 1140 857 1204 oblita
878 1141 977 1224 derit,

260 1245 315 1288 aec
337 1225 398 1288 erit
425 1246 442 1287 e
461 1225 602 1288 lacrimis
623 1226 708 1289 facta
729 1224 825 1288 litura
846 1225 943 1289 meis:

155 1307 254 1372 oAut
276 1309 367 1392 siqua
388 1309 510 1372 incerto
532 1310 622 1372 fallet
643 1313 675 1373 te
696 1308 805 1373 littera
825 1311 947 1391 tractu,

227 1391 328 1476 Signa
349 1415 437 1456 meae
460 1393 588 1458 dextrae
610 1395 674 1457 iam
695 1393 861 1457 morientis
884 1396 985 1458 erunt.

184 1475 230 1541 Te
251 1478 347 1541 modo
370 1477 519 1541 viderunt
540 1479 707 1556 †iteratos
736 1477 853 1541 Bactra
874 1500 932 1562 per
953 1481 1057 1562 ortus,

226 1561 272 1625 Te
293 1562 388 1626 modo
411 1563 533 1626 munito
556 1561 712 1627 Neuricus
734 1561 836 1626 hostis
861 1583 958 1646 eque,

184 1645 382 1729 Hibernique
406 1645 520 1729 Getae,
542 1647 628 1730 picto
652 1669 691 1711 ue
713 1647 881 1711 Britannia
904 1669 1007 1731 curru,

140 1745 169 1792 10
228 1732 326 1794 Vstus
349 1735 382 1794 et
401 1731 472 1794 Eoo
496 1731 624 1796 decolor
686 1731 743 1796 dus
768 1752 859 1815 equo.

184 1814 314 1879 Haecne
335 1816 450 1878 marita
471 1815 549 1880 fides
572 1819 605 1881 et
624 1821 735 1901 pactae
758 1816 875 1900 gaudia
895 1817 1013 1901 noctis,

228 1899 308 1964 (lum
330 1899 417 1964 rudis
439 1901 567 1985 urgenti
580 1901 710 1964 brachia
731 1901 816 1965 victa
838 1901 932 1964 dedi?

187 1983 273 2060 Quae
295 1984 375 2048 mihi
397 1985 550 2050 deductae
571 1986 626 2050 fax
648 2007 742 2049 omen
763 1986 924 2068 praetulit,
946 1986 1003 2049 illa

229 2069 341 2133 Traxit
362 2069 402 2133 ab
424 2091 533 2135 everso
557 2070 677 2133 lumina
698 2071 792 2154 nigra
813 2090 912 2154 rogo,

139 2166 168 2214 15
184 2153 228 2217 Et
250 2153 363 2239 Stygio
386 2177 456 2218 sum
477 2177 587 2239 sparsa
608 2156 693 2237 lacu,
716 2176 776 2218 nec
797 2159 885 2218 recta
906 2155 1033 2238 capillis

229 2239 321 2302 Vitta
344 2238 463 2303 datast:
485 2240 579 2321 nupsi
601 2260 668 2302 non
690 2240 862 2302 comitante
884 2238 954 2304 deo.

187 2323 342 2388 Omnibus
365 2322 427 2386 heu
448 2324 550 2406 portis
572 2324 713 2405 pendent
734 2345 805 2387 mea
826 2324 924 2387 noxia
944 2326 1033 2389 vota:

228 2407 360 2471 Texitur
381 2407 459 2471 haec
482 2409 594 2471 castris
616 2412 727 2491 quarta
748 2409 875 2471 lacerna
896 2408 969 2472 tuis.

187 2491 334 2574 occidat,
356 2492 505 2555 inmerito
526 2492 581 2574 qui
603 2493 720 2575 carpsit
742 2493 781 2556 ab
803 2493 916 2556 arbore
938 2493 1061 2558 vallum

138 2591 171 2638 20
227 2577 273 2640 Et
295 2577 411 2639 struxit
432 2577 577 2659 querulas
599 2599 695 2640 rauca
715 2599 773 2660 per
795 2598 867 2640 ossa
889 2577 991 2659 tubas,
1105 2595 1108 2602 ·

186 2659 326 2741 Dignior
347 2661 476 2743 obliquo
498 2661 608 2725 funem
631 2662 685 2744 qui
706 2665 855 2744 torqueat
876 2660 980 2743 00110,

230 2748 451 2827 Aeternusque
472 2749 561 2809 tuam
583 2749 708 2829 pascat,
732 2747 843 2828 aselle,
866 2746 993 2810 famem.

186 2828 248 2893 Dic
270 2829 365 2910 mihi,
388 2851 466 2893 num
487 2834 615 2894 teneros
637 2831 701 2894 urit
722 2830 821 2894 lorica
843 2830 1002 2894 lacertos?

230 2914 317 2978 Num
338 2915 444 2998 gravis
467 2915 600 2978 inbelles
623 2915 732 2979 atterit
752 2913 845 2977 hasta
866 2917 1002 2978 manus?

137 3011 171 3059 25
186 2998 275 3061 Haec
296 3002 436 3062 noceant
457 3001 580 3083 potius,
609 3022 703 3082 quam
725 2999 874 3062 dentibus
896 3000 962 3062 ulla
982 3001 1092 3082 puella

230 3081 294 3145 Det
315 3083 394 3146 mihi
417 3084 587 3166 plorandas
609 3106 666 3167 per
687 3087 743 3146 tua
764 3085 846 3147 colla
867 3086 968 3147 notas.

187 3167 311 3231 Diceris
335 3171 367 3230 et
388 3170 488 3232 macie
509 3169 630 3231 voltum
651 3172 815 3232 tenuasse:
837 3167 894 3232 sed
917 3171 1003 3252 opto,

230 3251 258 3314 El
281 3252 435 3316 desiderio
459 3254 502 3315 sit
524 3253 610 3316 color
625 3254 685 3316 iste
707 3274 788 3316 meo,

189 3339 234 3400 At
254 3336 333 3401 mihi
356 3359 428 3401 curn
449 3341 561 3400 noctes
582 3337 709 3400 induxit
730 3358 842 3419 vesper
863 3359 1003 3417 amaras,

139 3434 172 3482 30
229 3420 326 3505 Siqua
347 3422 460 3485 relicta
480 3422 600 3502 iacent,
625 3422 751 3484 osculor
773 3442 860 3484 arma
881 3424 945 3484 tua.

188 3506 269 3570 Tum
292 3527 408 3589 queror
429 3507 463 3570 in
485 3508 554 3569 toto
576 3527 641 3570 non
665 3505 767 3570 sidere
788 3507 886 3589 pallia
907 3507 1003 3591 lecto,
