2392 3990
123 221 162 286 18
510 228 703 284 PROPER'PII
959 229 1062 298 [XVII]

186 390 250 457 Hic
271 392 347 457 licet
369 393 511 458 occultos
533 392 675 477 proferre
696 394 816 476 inpune
839 392 980 475 dolores,

228 475 263 541 Si
284 477 379 542 modo
402 478 471 541 sola
492 481 611 561 queant
633 499 709 541 saxa
729 484 838 541 tenere
860 477 964 541 fidem.

157 573 173 624 δ
188 560 281 625 Vnde
296 566 369 626 tuos
407 563 521 626 rimum
536 565 690 646 repetam,
710 584 781 626 mea
796 560 945 644 Cynthia,
960 561 1062 626 fastus

228 645 320 722 Quod
341 585 420 710 mili
442 647 497 710 das
520 647 632 729 fiendi,
656 645 810 729 Cynthia,
833 646 1050 729 principium?

186 729 248 806 Qui
269 730 364 794 modo
387 731 496 795 felices
518 732 602 795 inter
623 731 813 795 numerabar
835 733 993 812 amantes,

228 814 324 879 Nunc
346 815 381 878 in
403 837 509 880 amore
531 820 587 880 tuo
610 837 709 900 cogor
729 815 846 880 habere
867 819 988 880 notam.

185 898 269 975 Quid
282 902 408 963 tantum
422 900 544 964 merui?
561 921 640 984 quae
651 903 683 965 te
698 899 778 964 mihi
790 900 923 964 crimina
937 902 1061 981 mutant

137 997 170 1047 10
226 985 280 1048 An
300 1005 385 1049 nova
405 986 554 1049 tristitiae
577 1006 672 1048 causa
692 984 800 1068 puella
820 983 916 1048 tuae?

187 1068 241 1134 Sic
262 1068 341 1132 mihi
363 1072 395 1133 te
416 1070 535 1134 referas
557 1070 645 1151 levis,
667 1072 791 1133 utnon
813 1069 912 1132 altera
932 1071 1044 1133 nostro

228 1152 354 1218 Limine
376 1154 535 1217 formosos
556 1154 666 1217 intulit
686 1155 752 1216 ulla
772 1153 878 1237 pedes.

186 1237 337 1314 Quamvis
359 1239 460 1301 multa
481 1239 541 1301 tibi
562 1237 654 1302 dolor
667 1236 721 1301 hic
735 1259 825 1302 meus
847 1260 959 1320 aspera
981 1237 1060 1302 debe

228 1321 305 1386 Non
326 1323 372 1385 ita
394 1344 488 1387 saeva
509 1327 617 1385 tamen
639 1324 762 1386 venerit
783 1328 830 1385 ira
851 1344 931 1404 mea,

138 1418 169 1468 15
184 1405 231 1470 Vt
251 1407 311 1470 tibi
333 1407 394 1470 sim
415 1409 530 1471 merito
553 1429 678 1490 semper
699 1408 787 1470 furor
809 1409 841 1470 et
862 1410 917 1470 tua
938 1406 1044 1472 flendo

229 1490 366 1555 Lumina
388 1491 518 1556 deiectis
540 1492 647 1575 turpia
669 1491 734 1555 sint
755 1491 904 1555 lacrimis.

185 1576 242 1657 ,An
264 1576 339 1659 quia
359 1597 457 1659 parva
478 1575 589 1639 damus
610 1578 732 1639 mutato
756 1577 850 1660 signa
871 1577 985 1657 calore,

229 1659 273 1723 Et
293 1680 360 1722 non
381 1661 447 1723 ulla
467 1682 538 1723 meo
563 1660 680 1724 clamat
701 1660 736 1723 in
757 1681 811 1724 ore
833 1660 936 1724 fides?

186 1743 254 1807 Vos
277 1744 364 1807 eritis
386 1747 494 1827 testes,
518 1746 627 1827 siquos
650 1744 746 1809 habet
767 1745 862 1808 arbor
883 1766 1018 1829 amores,

137 1842 171 1889 20
228 1827 333 1911 Fagus
355 1831 388 1892 et
408 1828 546 1893 Arcadio
567 1829 661 1913 pinus
683 1830 786 1893 amica
806 1830 875 1894 dec.

185 1914 216 1976 A
249 1913 375 1976 uotiens
386 1915 511 1978 teneras
523 1917 675 1978 resonant
684 1936 757 1978 mea
767 1914 863 1977 verba
875 1914 933 1977 sub
945 1914 1058 1978 umbra

228 1933 388 2062 lcribitur
409 2001 442 2062 et
462 1999 575 2062 vestris
598 1997 737 2082 Cynthia
759 1998 943 2063 corticibus!

188 2081 240 2145 En
261 2085 317 2146 tua
338 2087 416 2166 quot
436 2084 561 2167 peperit
581 2083 675 2147 nobis
696 2084 813 2146 iniuria
836 2105 936 2165 111111,

229 2165 317 2242 Quae
339 2167 442 2231 solum
464 2169 570 2231 tacitis
593 2168 723 2252 cognita
744 2170 820 2230 sunt
840 2167 978 2232 foribus!

137 2263 170 2312 25
186 2251 303 2316 Omnia
324 2253 474 2316 consuevi
495 2251 625 2314 timidus
648 2251 788 2334 perferre
811 2253 964 2335 superbae

229 2334 321 2398 Iussa
342 2357 445 2418 neque
468 2340 581 2419 arguto
603 2335 689 2399 facta
711 2336 820 2400 dolore
843 2337 941 2419 queri.

155 2488 158 2496 Α
187 2419 249 2485 Pro
272 2440 334 2502 quo
358 2419 483 2483 dumosi
503 2422 629 2483 montes
651 2423 684 2483 et
703 2420 822 2504 frigida
843 2443 937 2503 rupes

230 2503 273 2567 Et
294 2503 387 2567 datur
409 2504 530 2569 inculto
552 2504 679 2568 tramite
701 2505 779 2568 dura
801 2505 905 2589 quies3

187 2587 231 2651 Et
253 2586 472 2671 quodcumque
493 2610 583 2652 meae
603 2594 739 2672 possunt
760 2611 887 2653 narrare
910 2591 1056 2672 querelae

141 2684 176 2735 30
233 2671 341 2756 Cogor
362 2672 402 2736 ad
424 2676 552 2757 argutas
575 2672 679 2737 dicere
702 2674 788 2737 solus
811 2695 895 2738 aves

188 2755 250 2822 Sed
265 2756 536 2841 qualiscumque's‚
547 2761 699 2821 resonent
708 2758 787 2821 mihi
800 2757 962 2842 ‘Cynthia’
976 2758 1056 2821 silva

230 2839 300 2906 Nec
322 2840 447 2905 deserta
467 2847 523 2905 tuo
544 2843 675 2906 nomine
698 2864 773 2906 saxa
795 2847 918 2906 vacent.

527 2971 680 2981 -η-,ι

528 3056 677 3130 XVIIII.

188 3177 264 3245 Non
280 3201 340 3264 ego
354 3200 440 3244 nunc
455 3180 563 3243 tristes
579 3202 697 3262 vereor,
713 3202 785 3243 meu
799 3179 949 3264 Cynthia,
961 3181 1056 3246 blane

230 3263 300 3327 Nec
321 3285 428 3328 moror
450 3268 591 3328 extremo
614 3264 722 3329 debita
742 3265 809 3328 fata
831 3288 926 3351 rog03

187 3346 250 3414 Sed
271 3370 312 3412 ne
334 3348 417 3412 forte
438 3350 494 3411 tuo
518 3352 623 3412 careat
644 3348 723 3412 mihi
744 3349 841 3413 funus
863 3372 984 3432 amore,

155 3502 159 3507 ¹
229 3431 292 3496 Hic
313 3433 409 3496 timor
432 3436 480 3496 est
500 3433 579 3515 ipsis
603 3434 711 3497 durior
732 3435 880 3517 exequiis.

159 3515 266 3582 ⁵N0n
288 3517 366 3581 adeo
389 3517 500 3582 leviter
521 3519 639 3583 nostris
659 3541 738 3603 puer
759 3519 864 3582 haesit
885 3518 1010 3596 ocellis,
