2392 3990
100 270 215 345 XXXI]
260 295 264 302 ¹
486 275 594 330 LIBER
616 276 663 333 111.
1026 268 1067 330 59

102 434 210 517 Atque
232 434 355 498 utinam
378 438 501 519 pereat,
524 437 602 502 Nilo
625 458 705 520 quae
727 459 817 501 sacra
838 439 967 520 tepente
1028 444 1031 448 ’

145 519 236 582 Misit
257 521 411 583 matronis
433 519 562 584 inachis
583 522 752 585 Ausoniis!

106 601 191 676 Quae
213 602 361 667 deatum
384 605 515 688 cupidos
537 607 656 669 totiens
678 606 785 668 divisit
808 604 973 668 amantes?
1004 655 1007 665 ,
1050 619 1065 664 a

145 688 367 771 Quaecumque
390 689 447 752 illa
468 690 544 770 fuit,
568 711 693 773 semper
715 711 821 752 amara
843 690 912 752 suit.

108 769 150 835 Tu
173 776 258 836 certe
280 771 366 836 Iovis
390 775 522 838 occultis
545 774 580 837 in
601 774 776 856 amoribus,
800 772 852 857 Io,

144 856 295 939 Sensisti,
317 857 435 921 multas
457 858 533 941 quid
555 859 597 922 sit
618 859 699 922 inire
721 858 804 940 vias,

109 937 184 1004 Cum
206 944 237 1005 te
259 943 353 1004 iussit
373 942 489 1006 habere
510 943 651 1025 puellam
674 963 792 1007 cornua
813 941 895 1005 Iuno

142 1025 186 1088 Et
207 1027 332 1108 pecoris
355 1025 433 1090 duro
455 1027 586 1110 perdere
608 1027 704 1091 verba
726 1046 816 1090 sono.
1033 1038 1064 1085 10

108 1108 132 1170 A
153 1110 301 1192 quotiens
323 1112 452 1194 quernis
474 1112 596 1175 laesisti
618 1110 785 1174 frondibus
806 1111 875 1174 ora!

142 1193 291 1258 Mansisti
314 1195 447 1259 stabulis
470 1195 690 1279 abditapasta
711 1196 783 1258 tuis.
1052 1270 1055 1277 ¹

106 1277 168 1360 An,
191 1280 344 1362 quoniam
367 1284 526 1363 agrestem
548 1280 685 1343 detraxit
706 1281 745 1343 ab
769 1299 823 1343 ore
844 1278 978 1362 figuram

142 1362 300 1447 luppiter,
323 1364 440 1428 idcirco
463 1365 548 1428 facta
570 1365 706 1448 superba
728 1363 833 1427 dea’s‘?

103 1445 153 1510 An
174 1448 235 1511 tibi
256 1469 323 1511 non
344 1450 422 1512 satis
444 1451 495 1512 est
509 1449 613 1514 ,fuscis
629 1451 795 1532 Aegyptus
817 1445 976 1511 alumnis?
1034 1459 1064 1506 15

143 1530 207 1596 Cur
228 1532 289 1596 tibi
309 1536 375 1596 tam
397 1534 496 1618 longa
516 1532 619 1597 Roma
640 1534 741 1617 petita
761 1531 833 1596 via?
876 1584 878 1590 .

103 1612 222 1687 Quidve
244 1617 304 1681 tibi
325 1617 456 1700 prodest
474 1617 585 1681 viduas
608 1616 744 1681 dormire
766 1615 910 1700 puellas?

145 1700 207 1765 Sed
228 1702 304 1784 tibi,
318 1703 420 1765 ‚crede
440 1701 535 1784 mihi,
558 1723 678 1766 cornua
698 1723 807 1764 rursus
830 1703 937 1783 erunt,
979 1779 981 1784 Ι

105 1783 168 1849 Aut
188 1807 248 1848 nos
271 1807 288 1849 e
310 1789 488 1869 nostrate,
512 1807 619 1868 saeva,
641 1786 823 1870 fugabimus
845 1785 939 1850 urbe:

143 1868 224 1935 Cum
246 1869 353 1934 Tiberi
375 1869 451 1934 Nilo
473 1872 576 1956 gratia
598 1871 686 1933 nulla
706 1870 777 1932 fuit.
1005 1881 1062 1928 ao

104 1953 145 2017 At
166 1957 218 2036 tu,
241 1975 320 2038 quae
342 1959 453 2018 nostro
476 1957 610 2019 nimium
631 1955 758 2038 placata
780 1952 930 2035 dolore’s,

142 2037 301 2103 Noctibus
322 2039 373 2102 his
395 2041 486 2103 vacui
507 2046 556 2104 ter
578 2040 732 2102 faciamus
754 2039 824 2101 iter.

104 2118 176 2187 Non
198 2122 287 2186 audis
311 2127 343 2187 et
364 2124 460 2187 verba
481 2125 560 2188 sinis
582 2145 654 2187 mea
675 2123 797 2205 ludere,
822 2142 894 2185 cum
915 2122 980 2184 ianr

143 2206 289 2272 Flectant
310 2207 404 2271 lcarii
427 2208 530 2272 sidera
551 2208 642 2272 tarda
663 2208 771 2272 boves.

103 2291 202 2355 Lenta
217 2291 315 2356 bibis:
337 2292 461 2357 mediae
474 2296 639 2376 nequeunt
654 2297 686 2356 te
701 2292 849 2374 frangere
864 2293 984 2354 noctes.
1012 2322 1016 2327 ·
1031 2303 1062 2353 sc

142 2376 196 2439 An
218 2377 394 2440 nondumst
415 2378 498 2441 talos
520 2379 647 2442 mittere
669 2378 753 2441 lassa
773 2373 910 2439 manus?
1153 2386 1155 2391 '

102 2463 128 2522 A
175 2464 277 2542 erest,
301 2463 490 2544 quicumque
510 2483 651 2526 meracas
674 2462 815 2545 repperit
836 2481 917 2523 uvas

143 2483 355 2629 dor-rupitque
378 2546 478 2610 bonas
500 2551 627 2612 nectare
649 2547 771 2630 primus
793 2546 905 2627 aquasl

100 2629 189 2693 11111
212 2628 375 2712 Cecropiis
396 2630 511 2694 merito
533 2631 676 2716 iugulate
698 2630 837 2712 colonis,

141 2713 335 2797 Pampineus
357 2716 444 2779 nosti
467 2737 561 2798 quam
584 2717 626 2779 sit
647 2736 772 2778 amarus
794 2714 881 2779 odor.
906 2784 908 2788 ,
1031 2725 1063 2772 30

98 2799 211 2881 Tuque
234 2820 252 2862 0
274 2799 434 2883 Eurytion
455 2802 530 2863 vino
554 2799 711 2865 Centaure
733 2799 860 2883 peristi,

141 2883 211 2947 Nec
232 2904 300 2947 non
321 2883 456 2948 Ismario
478 2887 528 2967 tu,
550 2883 763 2967 Polypheme,
785 2903 883 2946 mero.

97 2968 185 3031 Vino
207 2967 312 3031 forma
333 2969 430 3052 perit,
454 2969 529 3032 vino
553 2969 765 3050 corrumpitur
788 2971 890 3048 aetas,

141 3051 226 3115 Vino
251 3075 343 3137 saepe
366 3075 458 3117 suum
482 3054 585 3117 nescit
606 3053 709 3116 amica
730 3052 842 3115 virum.

96 3137 152 3201 Me
175 3138 342 3220 miserum,
365 3142 402 3201 ut
422 3138 524 3200 multo
546 3137 629 3201 nihil
651 3141 701 3200 est
720 3140 844 3199 mutata
864 3135 986 3218 Lyaeo!
1031 3148 1063 3196 30

141 3220 210 3284 iam
232 3221 321 3286 bibe:
344 3222 524 3286 formosa's:
547 3222 595 3286 nil
616 3222 676 3285 tibi
698 3221 774 3284 vina
794 3221 926 3303 nocent,

96 3306 181 3372 Cum
203 3309 258 3369 tua
280 3306 498 3390 praependent
520 3306 675 3370 demissae
696 3305 731 3369 in
753 3304 869 3389 pocula
891 3310 993 3368 sertae

140 3389 185 3453 Et
207 3413 278 3454 mea
300 3391 435 3455 deducta
457 3390 598 3455 carmina
620 3412 697 3454 voce
719 3391 811 3474 legis.

96 3476 233 3559 Largius
257 3475 356 3539 effuso
379 3475 505 3540 madeat
526 3475 587 3539 tibi
607 3496 719 3539 mensa
740 3474 892 3557 Falern0,

142 3561 276 3643 Spumet
298 3566 330 3623 et
351 3567 460 3625 aurato
482 3561 611 3625 mollius
634 3561 668 3623 in
691 3560 797 3625 calice.
1030 3572 1063 3618 40
