2392 3990
113 234 214 305 viru]
498 249 501 255 ·
537 234 645 289 arnna
665 233 700 290 v.
884 200 887 205 ’
1020 228 1080 292 113

114 396 283 463 Femineae
305 399 377 461 loca
399 399 506 461 clausa
528 397 604 461 deae
626 397 795 481 fontesque
817 396 961 482 piandos,
1048 409 1079 458 25

155 482 281 565 Inpune
304 485 336 545 et
356 483 455 546 nullis
478 504 569 546 sacra
589 485 710 546 retecta
731 482 817 546 viris.

114 565 217 630 Devia
238 568 393 649 puniceae
414 566 564 630 velabant
585 565 698 629 limina
719 566 832 649 vittae,

156 651 263 714 Putris
287 652 419 715 odorato
442 651 567 714 luxerat
587 651 664 735 igne
687 672 768 733 casa,

114 735 256 818 Populus
280 738 312 798 et
333 736 440 819 longis
463 736 597 799 ornabat
617 735 785 799 frondibus
807 735 927 820 aedem,

156 820 321 902 Multaque
344 824 509 883 cantantes
531 819 645 883 umbra
666 819 798 904 tegebat
819 842 902 885 aves.

113 904 186 968 Huc
207 906 273 967 ruit
293 905 328 967 in
350 906 467 967 siccam
489 908 643 988 congesta
664 905 794 986 pulvere
817 905 948 970 barbam

155 988 200 1051 Et
221 990 298 1051 iacit
319 992 394 1052 ante
415 990 500 1052 fores
523 988 619 1051 verba
640 989 764 1051 minora
785 989 860 1053 deo:

113 1075 193 1137 ‘Vos
215 1095 337 1156 precor,
361 1094 379 1135 o
402 1072 466 1135 luci
488 1093 577 1136 sacro
600 1094 680 1156 quae
702 1073 813 1136 luditis
835 1077 938 1156 antro,

155 1157 292 1220 Pandite
314 1157 447 1220 defessis
468 1156 597 1240 hospita
618 1157 694 1220 fana
714 1157 800 1221 viris

113 1241 227 1306 Fontis
251 1263 348 1326 egens
371 1262 441 1305 erro
464 1242 608 1324 circaque
631 1243 779 1305 sonantia
800 1241 949 1325 lymphis,

155 1326 201 1389 Et
222 1348 299 1389 cava
320 1328 468 1409 succepto
490 1326 622 1389 flumine
643 1327 750 1409 palma
770 1332 821 1389 sat
842 1330 898 1390 est.

113 1411 301 1475 Audistisne
323 1411 471 1494 aliquem,
494 1415 585 1493 tergo
608 1411 663 1493 qui
684 1411 813 1474 sustulit
834 1410 965 1475 orbem?

156 1495 215 1558 Ille
238 1516 298 1579 ego
322 1518 407 1559 snm:
430 1494 567 1558 Alciden
589 1498 674 1558 terra
695 1498 822 1578 recepta
843 1498 945 1560 vocat.

116 1578 195 1654 Quis
218 1581 303 1642 facta
324 1579 500 1643 Herculeae
521 1600 588 1642 non
603 1579 693 1643 audit
706 1580 804 1643 fortia
820 1581 926 1644 clavae

155 1664 200 1727 Et
220 1685 394 1746 numquam
415 1663 455 1726 ad
477 1667 582 1726 vastas
604 1665 694 1727 irrita
715 1665 780 1727 tela
800 1665 899 1746 feras,

117 1749 226 1832 Atque
248 1750 304 1810 uni
328 1747 455 1831 Stygias
470 1746 733 1812 bomiui'luxisse
754 1750 925 1813 tenebras?

158 1830 331 1919 [Accipiter
352 1832 431 1895 haec
445 1833 530 1895 fesso
546 1832 600 1894 vix
619 1832 699 1895 mihi
713 1837 799 1897 terra
813 1833 922 1921 patet]

115 1916 208 1999 Quid,
232 1919 259 1979 si
281 1916 398 1979 lunoni
420 1937 545 1979 sacrum
566 1916 713 1979 faceretis
736 1919 882 1982 amarae?

155 2000 233 2066 Non
255 2001 421 2063 clausisset
442 2022 539 2084 aquas
561 2001 632 2082 ipsa
652 2022 790 2064 noverca
812 2024 894 2066 suas.

114 2084 172 2148 Sin
194 2071 333 2168 aliquam
356 2085 521 2168 voltusque
543 2106 632 2148 meus
655 2088 821 2168 saetaeque
844 2087 945 2150 leonis

156 2169 291 2233 Terreat
313 2172 346 2233 et
366 2169 486 2253 Libyco
508 2170 576 2233 sole
597 2173 727 2252 perusta
749 2191 854 2253 coma,

114 2253 204 2316 Idem
227 2276 287 2338 ego
311 2252 442 2318 Sidonia
463 2254 525 2317 feci
548 2255 675 2318 servilia
695 2255 782 2337 palla

157 2338 273 2402 Officia
295 2342 326 2402 et
347 2337 436 2421 Lydo
459 2360 560 2422 pensa
581 2339 695 2402 diuma
717 2339 798 2422 colo,

113 2421 223 2486 Mollis
246 2426 279 2485 et
298 2422 456 2486 hirsutum
478 2424 564 2507 cepit
584 2423 663 2495 mibi
684 2423 783 2488 fascia
804 2427 927 2509 pectus,

155 2506 201 2569 Et
223 2507 369 2571 manibus
392 2508 478 2570 duris
501 2511 575 2590 apta
596 2509 703 2591 puella
723 2509 794 2574 fui'

114 2590 246 2655 Talibus
268 2592 408 2675 Alcides,
432 2595 467 2654 at
487 2593 605 2656 talibus
628 2594 712 2656 alma
733 2593 891 2677 sacerdos,

155 2675 295 2738 Puniceo
320 2698 414 2739 canas
437 2677 572 2739 stamine
593 2677 701 2741 vincta
723 2700 844 2743 comas:

115 2759 225 2823 ‘Parce
249 2761 359 2842 oculiS,
382 2760 515 2844 hospes,
539 2761 675 2844 lucoque
697 2763 832 2827 abscede
854 2762 1009 2829 verendo:

158 2844 243 2909 Cede
266 2844 401 2927 agedum
424 2851 456 2908 et
477 2849 548 2909 tuta
569 2846 682 2909 limina
703 2848 812 2930 linque
833 2848 920 2932 fuga.

113 2927 289 2993 Interdicta
311 2928 385 2991 viris
407 2930 577 2993 metuenda
598 2931 670 3014 lege
692 2933 806 3014 piatur,

157 3013 245 3087 Quae
267 3035 301 3077 se
323 3013 471 3076 submota
491 3014 633 3078 vindicat
655 3037 709 3077 ara
731 3037 812 3080 casa.

113 3097 235 3180 Magno
257 3097 395 3161 Tiresias
418 3100 541 3180 aspexit
562 3099 693 3163 Pallada
714 3104 812 3183 vateS,

156 3181 266 3246 Fortia
288 3182 363 3244 dum
385 3184 490 3265 posita
512 3182 663 3269 Gorgone
684 3185 828 3248 membra
848 3186 942 3252 lavat.

114 3264 157 3330 Di
178 3267 239 3330 tibi
261 3267 338 3330 dent
359 3267 439 3330 alios
460 3267 583 3332 fontes:
606 3268 684 3332 baec
706 3269 838 3352 lympha
857 3272 972 3354 puellis

138 3352 239 3421 ,Avia
261 3352 374 3415 secreti
396 3351 507 3415 limitis
528 3374 592 3416 una
613 3353 706 3418 fluit!

114 3434 167 3500 Sic
189 3458 285 3501 anus:
308 3437 362 3501 ille
384 3436 501 3500 umeris
523 3440 632 3520 postes
655 3440 817 3503 concussit
839 3461 966 3525 opacos,

157 3520 226 3585 Nec
248 3522 323 3584 tulit
344 3522 457 3586 iratam
480 3521 574 3586 ianua
596 3524 702 3587 clausa
724 3524 820 3590 sitim.

165 3626 315 3665 Paoraumvs.
910 3630 927 3679 3
