2392 3990
115 106 236 181 xuni]
488 111 596 166 arnna
617 112 678 170 nu

168 272 244 347 Quis
267 272 343 336 deus
364 273 399 336 in
421 277 527 338 vestra
548 274 695 337 constitit
715 273 817 338 hostis
839 274 950 357 aqual·

119 353 186 420 His
208 379 335 440 pressus
359 357 486 442 Stygias
508 359 631 422 voltum
654 358 782 423 demisit
802 359 837 422 in
858 358 975 441 undas,

166 440 264 505 Errat
284 447 316 506 et
337 442 371 504 in
398 447 499 506 uestro
522 443 652 526 spiritus
674 443 729 506 ille
751 444 832 507 lacu.
1056 455 1088 502 10

122 525 209 600 Quid
230 547 332 610 genus
354 529 409 588 aut
430 528 531 590 virtus
554 530 609 590 aut
630 527 753 609 optima
772 527 894 611 profuit
914 527 962 590 illi

166 610 272 673 Mater
309 613 341 674 et
362 611 543 694 amplexum
565 610 709 676 Caesaris
731 633 800 676 esse
820 611 934 676 focos?

123 695 192 757 Aut
212 660 308 758 modo
330 699 397 757 tam
418 694 515 778 pleno
536 695 697 759 fluitantia
719 696 789 760 vela
809 696 935 760 theatro

165 779 211 842 Et
231 800 288 862 per
309 783 469 843 maternas
492 781 600 843 omnia
621 784 713 865 gesta
735 780 869 844 manus?

124 862 264 944 Occidit,
288 867 320 926 εὴ
340 864 456 927 misero
480 867 610 929 steterat
632 864 805 948 vigesimus
827 887 946 929 annus:
1055 879 1085 927 15

166 946 230 1010 Tot
251 949 335 1011 bona
356 950 423 1010 tam
444 969 542 1031 parvo
566 949 680 1013 clausit
696 949 736 1013 in
758 949 834 1014 orbe
856 949 932 1014 dies.

122 1030 137 1094 Ι
159 1051 261 1114 nunc,
282 1031 362 1096 tolle
383 1032 507 1096 animos
530 1037 562 1096 εὴ
582 1038 688 1097 tecum
709 1034 795 1118 finge
816 1033 1011 1117 triumphos,

165 1115 350 1198 Stantiaquc
371 1115 406 1178 in
428 1117 574 1200 plausum
594 1121 663 1181 tota
683 1118 808 1182 theatra
829 1118 953 1199 iuvent3

122 1200 278 1264 Attalicas
300 1221 414 1284 supera
435 1205 553 1285 vestes,
576 1206 671 1285 atque
693 1203 801 1267 omnia
821 1203 947 1287 magnis

165 1284 317 1348 Gemmea
338 1285 405 1348 sint
425 1284 524 1349 ludis:
547 1287 677 1370 ignibus
698 1287 760 1350 ista
782 1287 882 1351 dabis.
1052 1301 1085 1349 ao

121 1367 185 1433 Sed
198 1373 307 1432 tamen
320 1368 383 1432 huc
398 1390 524 1451 omnes,
542 1369 604 1435 huc
618 1371 740 1453 primus
755 1375 789 1436 et
802 1372 932 1434 ultimus
947 1371 1040 1434 ordo:

164 1453 225 1516 Est
246 1453 345 1535 mala,
368 1454 423 1516 sed
445 1455 567 1518 cunctis
589 1456 652 1518 ista
672 1455 806 1520 terenda
826 1457 918 1520 viast

121 1537 292 1601 Exoranda
314 1538 401 1600 oanis
423 1539 485 1602 tria
507 1542 582 1601 sunt
603 1540 752 1604 latrantia
773 1541 869 1623 colla,

164 1620 384 1685 Scandcndast
404 1623 489 1686 torvi
510 1623 638 1706 publica
660 1625 774 1706 cymba
794 1627 889 1690 senis.

120 1705 181 1769 ille
204 1707 280 1770 licet
301 1707 385 1768 ferro
408 1710 519 1770 cautus
542 1728 576 1771 se
599 1708 715 1772 condat
736 1712 769 1773 et
790 1731 875 1792 aere,
1051 1723 1083 1772 25

163 1790 251 1854 Mors
272 1793 382 1852 tamen
403 1791 560 1854 inclusum
582 1792 741 1875 protrahit
762 1794 836 1858 inde
858 1797 962 1877 caput.

118 1873 219 1939 Nirea
239 1895 307 1938 non
327 1874 439 1958 facies,
461 1897 529 1939 non
549 1876 597 1940 vis
620 1878 738 1940 exemit
758 1877 923 1960 Achillen,

163 1958 406 2041 Croesumaut,
429 1957 553 2024 Pactoli
574 1982 652 2044 quas
674 1962 758 2044 parit
779 1984 885 2045 umor,
909 1983 995 2046 opes,

118 2041 182 2106 Hic
204 2044 282 2106 olim
304 2043 433 2126 ignaros
455 2043 560 2109 luctus
584 2045 751 2129 populavit
772 2047 928 2130 Achivos,

162 2127 295 2190 Atridae
317 2148 436 2210 magno
459 2149 530 2191 cum
553 2131 643 2193 stetit
664 2129 744 2195 alter
765 2151 862 2195 amor.
1048 2146 1082 2193 30

118 2213 165 2275 At
186 2212 262 2293 tibi,
283 2215 396 2294 nauta,
418 2212 488 2295 pias
509 2211 675 2278 hominum
696 2216 750 2298 qui
771 2215 879 2280 traicis
901 2216 1045 2300 umbras,

133 2355 138 2367 ,
159 2294 230 2358 Hoc
251 2296 375 2358 animae
396 2300 525 2378 portent
546 2299 777 2382 corpusinane
799 2321 891 2364 suae:

118 2378 189 2455 Qua
211 2378 337 2443 Siculae
358 2380 461 2443 victor
481 2381 603 2445 telluris
627 2383 778 2449 Claudius
800 2388 832 2448 et
853 2405 915 2467 qua

161 2463 290 2546 Caesar,
313 2463 352 2526 ab
374 2463 515 2527 humana
536 2467 688 2531 cessitin
709 2472 794 2532 astra
815 2469 876 2534 via.

524 2596 676 2605 ———

420 2679 554 2753 xuni
582 2680 773 2783 [nunu]

117 2801 262 2866 Obicitur
282 2805 401 2866 totiens
424 2823 443 2865 a
462 2806 495 2867 te
517 2803 597 2867 mihi
617 2808 728 2868 nostra
749 2807 864 2874 libido:

159 2885 260 2951 Crede
281 2885 375 2968 mihi,
398 2887 488 2951 vobis
510 2888 646 2972 imperat
666 2890 728 2953 ista
749 2893 860 2976 magis.

116 2969 200 3052 Vos,
222 2970 277 3034 ubi
301 2972 476 3055 contempti
496 2974 627 3055 rupistis
649 2974 740 3037 frena
760 2976 907 3061 pudoris,

158 3055 299 3120 Nescitis
322 3058 431 3139 captae
453 3057 570 3120 mentis
591 3058 708 3121 habere
730 3060 868 3124 modurn.

115 3139 259 3205 Flamma
280 3161 337 3222 per
358 3142 504 3204 incensas
527 3142 621 3205 citius
643 3143 769 3206 sedetur
791 3145 920 3222 aristaS,
1059 3161 1076 3212 5

157 3225 366 3306 Fluminaque
389 3224 429 3286 ad
450 3225 550 3288 fontis
572 3227 637 3290 sint
658 3228 799 3292 reditura
816 3233 923 3313 caput,

115 3309 159 3375 Et
179 3309 338 3392 placidum
361 3308 469 3392 Syrtes
491 3313 619 3393 portum
642 3315 674 3374 ct
694 3312 779 3376 bona
800 3315 909 3378 littora
929 3317 1035 3381 nautis

157 3395 313 3460 Praebeat
333 3393 473 3477 hospitio
497 3417 589 3459 saeva
610 3396 715 3460 Malea
737 3420 810 3486 suo,
