2392 3990
58 272 133 341 rui]
482 275 592 331 ussa
611 276 646 331 v.
963 269 1020 334 101

58 433 84 499 0
108 435 231 498 utinam
254 435 293 499 ad
315 440 438 501 vestros
461 439 588 501 sedeam
610 438 737 523 captiva
759 437 907 522 Penates,

99 519 185 583 Dum
207 521 332 602 captiva
352 523 417 585 mei
439 525 604 605 conspicer
626 545 682 586 ora
703 522 786 587 Tati.

59 602 197 668 llomani
217 608 344 669 montes
366 610 399 668 et
419 608 583 670 montibus
606 608 713 671 addita
734 607 837 672 Roma
987 619 1021 671 ³5

98 688 143 752 Et
164 689 268 752 valeat
288 691 406 773 probro
429 690 531 755 Vesta
551 692 701 775 pudenda
722 714 803 756 mo0.

60 771 115 836 Ille
138 795 254 856 equus,
277 774 332 838 ille
354 795 442 839 meos
464 775 499 839 in
522 780 625 839 castra
646 781 782 866 reponet
803 798 937 861 amores,

99 857 159 922 Oui
180 857 291 922 Tatius
306 859 434 923 dextras
456 861 593 924 collocat
613 861 682 944 ipss
697 846 804 925 iubas.

62 939 140 1016 Quid
161 942 278 1006 mirum
299 944 334 1006 in
356 944 478 1027 patrios
500 943 640 1028 Scyllam
662 945 799 1009 saevisse
823 946 966 1029 capillos,

98 1025 303 1110 Candidaque
325 1028 360 1091 in
382 1050 493 1093 saevos
515 1029 649 1113 inguina
667 1051 763 1093 >versa
785 1030 902 1094 canes?
987 1043 1021 1092 4⁰

61 1110 185 1175 Prodita
206 1110 283 1195 quid
304 1112 421 1176 mirum
442 1113 576 1176 fraterni
592 1134 712 1177 cornua
732 1115 880 1199 monstri,

98 1194 180 1261 Cum
202 1197 306 1279 patuit
327 1197 410 1261 lecto
434 1199 571 1279 stamine
593 1202 681 1261 torta
701 1198 774 1262 via?

62 1278 217 1354 Quantum
240 1302 300 1365 ego
322 1302 393 1345 sum
408 1283 558 1345 Ausoniis
580 1283 700 1346 crimen
714 1284 838 1347 factura
852 1284 976 1369 puellis,

97 1365 240 1447 Inproba
261 1365 405 1450 virgineo
429 1367 513 1430 lecta
533 1367 681 1431 ministra
702 1368 790 1431 foco!

60 1447 126 1513 Pall
168 1470 204 1513 os
226 1451 383 1514 extinctos
406 1451 505 1534 siquis
527 1452 695 1516 mirabitur
716 1453 820 1536 ignes,
985 1466 1019 1516 so

97 1533 268 1618 ignoscat:
290 1535 429 1599 lacrimis
453 1537 616 1620 spargitur
637 1559 692 1600 ara
712 1537 802 1600 meis.

60 1617 143 1700 Cras,
166 1622 202 1682 ut
221 1639 331 1683 rumor
351 1620 410 1702 ait,
434 1623 503 1682 tota
524 1622 720 1705 pugnabitur
741 1621 833 1686 urbe:

97 1703 147 1766 Tu
169 1724 244 1767 cave
266 1703 389 1787 spinosi
409 1704 517 1768 rorida
538 1701 729 1790 tefg'ffugl.

58 1786 192 1852 Lubrica
212 1791 282 1850 tota
303 1789 385 1851 viast
408 1792 440 1852 εὴ
461 1789 596 1873 perfida:
619 1791 737 1874 quippe
758 1793 900 1856 tacentes

96 1872 219 1936 Fallaci
242 1873 324 1935 celat
345 1873 448 1936 limite
471 1895 597 1957 semper
619 1896 725 1957 aquas.
986 1889 1021 1939 50

58 1955 83 2021 0
105 1957 231 2020 utinam
252 1957 396 2039 magicae
419 1978 547 2021 nossem
571 1959 753 2021 cantamina
773 1959 898 2024 Musae!

78 2039 187 2122 'Haec
209 2062 333 2125 quoque
355 2042 496 2106 formoso
519 2042 630 2126 lingua
650 2043 777 2106 tulisset
798 2065 901 2125 opem.

56 2125 100 2189 Tc
116 2129 194 2209 toga
208 2125 294 2209 picta
308 2127 408 2210 decet,
423 2147 491 2190 non
505 2146 599 2209 quem
615 2127 683 2190 sine
698 2128 809 2190 matris
824 2127 946 2194 honore

97 2209 209 2274 Nutrit
231 2209 429 2332 inhumanae¹⁸
445 2211 523 2274 dura
545 2212 676 2334 papilla*
686 2213 788 2296 lupae.

52 2378 140 2462 †Sic
160 2378 278 2463 hospes
300 2381 462 2462 pariamnc
485 2343 552 2444 tua*
561 2382 675 2464 regina
696 2381 755 2445 sub
777 2383 857 2464 aula,
908 2403 913 2416 ²
987 2394 1020 2446 55

97 2463 165 2527 Dos
187 2464 247 2527 tibi
270 2486 335 2527 non
357 2464 486 2528 humilis
508 2466 634 2547 prodita
655 2466 758 2529 Roma
779 2468 877 2532 venit.

53 2549 90 2613 Si
112 2549 234 2631 minus,
259 2553 293 2633 at
313 2553 423 2631 raptae
444 2572 485 2612 ne
508 2550 574 2613 sint
594 2552 714 2634 inpune
736 2550 887 2616 Sabinae:

98 2632 150 2696 Me
173 2655 248 2716 rape
271 2636 303 2697 εὴ
325 2634 449 2717 alterna
471 2634 542 2718 lege
564 2635 702 2718 repende
724 2636 819 2700 vices.

53 2717 240 2782 Oonmissas
263 2718 345 2781 acies
369 2740 429 2802 ego
451 2739 582 2802 possum
598 2719 735 2784 solvere:
760 2724 888 2804 nuptae,

98 2802 165 2866 Vos
187 2802 325 2865 medium
348 2803 433 2885 palla
454 2802 566 2867 foedus
588 2804 667 2866 inite
690 2825 768 2866 mea.
931 2827 934 2832 ·
985 2817 1019 2868 60

54 2885 147 2950 Adde
181 2884 365 2970 Hymenaee
399 2886 524 2970 modos,
557 2888 686 2952 tubicen
718 2889 786 2951 fera
817 2911 978 2955 murmura

665 2973 781 3036 conde:

98 3053 234 3138 Credite,
257 3058 363 3118 vestra
385 3078 475 3119 meus
497 3056 622 3119 molliet
643 3079 731 3120 arma
753 3060 851 3121 torus.

54 3140 112 3206 ser
133 3141 197 3203 iam
219 3144 332 3224 quarta
354 3141 439 3203 canit
460 3144 626 3205 venturam
648 3141 765 3205 bucina
784 3141 898 3227 lucem,

97 3224 234 3308 Ipsaque
255 3224 290 3287 in
313 3224 474 3289 Oceanum
496 3225 606 3321 sidera·
620 3226 712 3309 lapsa
733 3225 860 3291 cadunt.

55 3310 105 3375 Ex
130 3310 212 3373 eriar
234 3330 391 3391 somnum,
414 3309 453 3373 de
475 3312 507 3373 te
529 3309 609 3372 mihi
631 3310 755 3373 somnia
778 3332 943 3393 quaeram:
984 3323 1019 3380 65

97 3333 161 3458 dac
182 3394 290 3458 venias
312 3394 412 3458 oculis
434 3393 547 3458 umbra
569 3394 709 3479 benigna
729 3396 832 3460 meis.'

55 3479 154 3561 Dixit,
178 3481 210 3543 et
231 3479 354 3542 incerto
376 3478 522 3563 permisit
542 3477 672 3544 brachia
694 3501 817 3562 somno,

97 3563 215 3629 Nescia
237 3585 270 3627 sc
292 3563 385 3650 furiis
408 3563 593 3628 accubuisse
616 3564 716 3629 noris.
