2392 3990
63 245 110 319 u]
451 247 559 302 1111111
580 247 642 303 uu.
991 241 1032 304 75

107 410 208 493 Inque
230 432 337 474 meum
359 432 485 494 semper
506 413 593 475 stent
613 415 670 474 tua
691 433 792 496 regna
814 415 916 495 caput.

61 490 146 558 Inde
169 499 337 558 coronatas
359 495 415 559 ubi
436 499 506 559 ture
528 496 665 579 piaveris
688 517 775 579 aras,

106 580 238 644 Luxerit
260 582 292 643 et
312 583 383 642 tota
403 580 531 643 flamma
554 581 692 644 secunda
715 581 809 645 domo
816 629 824 661 ,
1000 591 1033 639 โธ20

61 659 119 727 Sit
140 684 269 727 mensae
290 665 389 746 ratic,
411 686 539 747 noxque
561 665 647 728 111191
667 665 784 748 pocula
806 667 926 747 currat,
996 667 998 672 '

108 747 153 812 Et
174 749 302 812 crocino
324 770 418 813 nares
440 770 584 813 murreus
606 753 708 833 ungat
729 770 829 831 onyx,

56 827 158 896 Tibia
178 833 343 897 nocturnis
365 834 551 897 succumbat
571 854 668 896 rauca
690 833 837 915 choreiS,

106 917 152 981 Et
173 918 239 980 sint
259 918 421 1000 nequitiae
444 919 544 981 libera
565 917 662 981 verba
683 922 771 1000 tuae,

55 995 242 1084 Dulciaque
264 1003 409 1086 ingratos
432 1002 576 1065 adimant
598 1002 744 1065 convivia
766 1021 914 1083 somnos,
999 1012 1032 1060 25

107 1086 240 1150 Publica
261 1087 384 1150 vicinae
406 1090 586 1170 perstrepat
606 1108 682 1149 aura
703 1087 789 1149 viae:

57 1165 117 1234 Sit
138 1192 207 1234 sors
229 1173 263 1234 et
281 1171 376 1234 nobis
398 1172 536 1234 talorum
557 1171 732 1254 interprete
753 1171 853 1252 iactu,

108 1254 210 1331 Quem
232 1255 383 1338 gravibus
404 1255 519 1339 pennis
542 1256 687 1319 verberet
708 1256 762 1318 ille
784 1275 873 1337 puer.

56 1337 148 1404 Cum
169 1340 267 1403 fuerit
287 1339 397 1403 multis
420 1343 531 1403 exacta
552 1339 721 1403 trientibus
743 1339 837 1421 hora,

108 1423 223 1488 Noctis
245 1426 278 1487 et
298 1424 445 1488 instituet
467 1445 557 1488 sacra
577 1424 725 1487 ministra
746 1422 872 1505 Venus,
998 1434 1033 1482 30

59 1509 186 1572 Annua
208 1508 368 1571 solvamus
390 1508 531 1572 thalamo
554 1509 723 1572 sollemnia
744 1511 873 1591 nostro,

108 1592 298 1676 Natalisque
317 1593 366 1658 tui
388 1594 434 1656 sio
456 1614 646 1676 peragamus
669 1594 739 1657 iter.

63 1930 150 2007 Quid
172 1931 303 2012 mirare,
326 1951 430 1993 meam
453 1930 481 1993 si
502 1934 608 1993 versat
630 1930 750 1994 femina
771 1930 871 1994 vitam

109 2015 153 2078 Et
172 2015 274 2078 trahit
295 2014 456 2078 addietum
478 2015 536 2077 sub
559 2036 617 2077 sua
638 2015 709 2079 iura
729 2015 848 2097 virum,

65 2099 271 2183 Criminaque
293 2099 402 2183 ignavi
424 2099 536 2179 capitis
559 2099 638 2162 mihi
659 2099 767 2181 turpia
787 2099 900 2182 fingis,

110 2183 202 2259 Quod
224 2206 380 2267 nequeam
402 2183 504 2247 fracto
526 2205 673 2266 rumpere
695 2183 801 2246 vincla
822 2181 920 2267 iugo?
1026 2254 1029 2260 ยน

65 2267 244 2332 Venturam
264 2268 377 2332 melius
398 2269 569 2353 praesagit>
581 2269 691 2332 navita
711 2270 862 2349 mortem,
1016 2276 1034 2329 5

108 2351 300 2417 Volneribus
323 2352 434 2415 didicit
455 2353 547 2417 miles
568 2352 687 2417 habere
709 2355 839 2416 metum.

67 2436 133 2501 Ista
155 2459 215 2520 ego
237 2438 410 2520 praeterita
431 2439 548 2501 iactavi
568 2438 665 2501 verba
686 2437 830 2501 iuventa:

109 2523 158 2586 Tu
179 2542 265 2585 nunc
287 2522 432 2603 exemplo
456 2521 541 2584 disce
562 2523 675 2585 timere
697 2542 778 2585 meo.

67 2605 198 2670 Colchis
219 2606 392 2692 flagrantes
414 2606 619 2697 adamantina
641 2606 700 2669 sub
722 2606 798 2690 iuga
817 2608 927 2670 tauros

107 2689 187 2775 Egit
209 2693 241 2754 et
263 2691 420 2774 armigera
441 2690 562 2774 proelia
583 2692 664 2755 sevit
685 2689 799 2770 humo,
1001 2701 1034 2752 10

67 2773 279 2858 Custodisque
300 2775 385 2837 feros
408 2774 522 2837 clausit
543 2776 700 2858 serpentis
722 2775 844 2857 hiatus,

109 2858 176 2923 Iret
196 2862 232 2921 ut
252 2859 410 2922 Aesonias
433 2880 527 2922 aurea
549 2861 622 2922 10110
644 2859 765 2923 domos

66 2944 156 3007 Ausa
177 2943 267 3007 ferox
290 2944 329 3006 ab
352 2964 432 3025 equo
456 2943 617 3025 quondam
639 2964 825 3028 oppugnare
849 2943 976 3028 sagittis

109 3027 246 3092 Maeotis
268 3026 414 3091 Danaum
437 3027 639 3091 Penthesilea
660 3031 759 3111 rates3

67 3114 174 3177 Aurea
197 3112 247 3176 cui
269 3116 438 3195 postquam
459 3111 592 3175 nudavit
612 3112 737 3176 cassida
758 3113 913 3195 frontem,
1002 3123 1033 3174 15

109 3197 197 3261 Vicit
218 3196 371 3260 victorem
394 3195 529 3259 candida
550 3196 655 3260 forma
675 3196 789 3259 virum.

68 3281 224 3364 Omphale
246 3281 428 3344 intantum
450 3281 573 3344 formae
595 3281 752 3365 prooessit
772 3279 943 3365 honorem,

108 3366 210 3448 Lydia
233 3364 364 3448 Gygaeo
388 3365 490 3428 tincta
511 3366 619 3448 puella
641 3366 727 3446 lacu,

70 3447 126 3532 Vt,
149 3451 203 3533 qui
225 3454 340 3531 pacato
364 3449 529 3513 statuisset
551 3450 585 3514 in
608 3450 684 3513 orbe
706 3450 886 3534 columnas,

109 3534 188 3598 'Fam
209 3534 287 3598 dura
308 3533 450 3598 traheret
469 3535 581 3598 mollia
600 3556 700 3618 pensa
721 3556 829 3598 manu.
