2392 3990
118 250 155 315 16
497 255 691 311 eaoruaru
993 256 1048 328 [xo

220 421 407 505 Semper'ct
429 419 547 484 exclusi
570 421 663 505 signa
684 420 786 484 iacere
808 419 904 483 facea.

176 504 245 570 Nec
291 526 397 570 ossum
416 504 554 569 infames
571 504 717 568 dominae
740 504 909 568 defendere
931 507 1043 568 noctes

128 603 159 651 10
216 528 345 655 Nolilis
368 589 532 653 obscaenis
554 589 672 674 tradita
694 589 898 653 carminibus.

178 671 260 760 (Nec
282 678 391 738 tamen
411 674 468 737 illa
490 696 565 737 suae
587 677 754 738 revocatur
775 695 904 756 parcere
926 674 1041 756 famae,

219 757 356 842 Turpior
378 763 411 822 et
432 759 528 822 saecli
549 759 654 822 vivere
677 758 826 842 luxuria.)

175 841 244 907 Has
266 844 351 906 inter
371 843 521 927 gravibus
545 864 643 927 cogor
665 843 779 907 deflere
803 843 954 926 querelis,
1005 909 1008 914 ,

220 926 379 1011 Supplicia
402 950 421 991 1
442 928 557 1012 longis·
570 926 693 990 tristior
715 927 864 991 excubiis.

131 1024 161 1072 16
177 1010 236 1076 ille
251 1033 339 1076 meos
354 1033 528 1094 numquam
542 1014 663 1096 patitur
677 1012 873 1094 requiescere
888 1014 1013 1095 postes,

217 1097 344 1181 Arguta
364 1097 505 1160 referens
528 1097 669 1160 carmina
691 1096 860 1160 blanditia:

99 1245 101 1249 .
178 1179 297 1245 ‘Ianua
318 1182 368 1244 vel
390 1180 520 1244 domina
541 1181 670 1264 penitus
693 1180 850 1244 crudelior
871 1182 954 1263 ipsa,

179 1340 181 1344 ,
219 1264 301 1340 Quid
324 1264 403 1328 mihi
425 1269 491 1329 tam
514 1265 600 1328 duris
624 1266 731 1328 clausa
752 1269 838 1329 taces
860 1264 1005 1328 foribus?

177 1347 242 1413 Cur
262 1371 437 1434 numquam
458 1355 598 1413 reserata
619 1371 707 1413 meos
729 1349 870 1413 admittis
893 1370 1033 1431 amores,

127 1447 160 1494 20
217 1433 335 1498 Nescia
355 1434 490 1497 furtivas
511 1434 641 1497 reddere
663 1438 751 1497 mota
771 1434 902 1517 preces?
983 1490 984 1493 ,

76 1568 79 1575 ,
136 1597 139 1604 1
175 1517 316 1582 Nullane
337 1519 410 1581 finis
433 1518 494 1582 erit
514 1522 626 1582 nostro
649 1540 799 1583 concessa
821 1519 937 1599 dolori,

220 1602 334 1666 Tristis
357 1606 389 1666 et
409 1603 444 1665 in
465 1602 574 1685 tepido
597 1603 859 1667 limine'somnus
881 1602 962 1666 erit?

177 1686 230 1750 Me
253 1687 374 1750 mediae
396 1691 523 1769 noctua,
546 1709 597 1750 me
620 1688 723 1751 sidera
743 1709 846 1770 prona
867 1688 1040 1772 iacentem,

219 1771 273 1835 Fri
297 1772 410 1855 idaque
432 1771 502 1835 Εοο
525 1794 576 1835 me
599 1771 686 1835 dolet
706 1794 782 1835 aura
802 1773 886 1856 gelu.

127 1868 159 1916 ‘25
175 1854 223 1918 Tu
246 1795 314 1918 sola
334 1854 492 1920 humanos
512 1878 687 1940 numquam
711 1857 862 1920 miserata
883 1857 1008 1920 dolores
1032 1857 1034 1863 ’

218 1939 405 2022 Respondes
429 1940 535 2004 tacitis
557 1944 668 2005 mutua
690 1941 879 2005 cardinibus.

176 2023 204 2088 Ο
227 2026 350 2088 utinam
370 2026 504 2098 traiecta
525 2046 601 2090 cava
622 2048 694 2089 mea
714 2026 828 2089 vocula
849 2026 929 2088 rima

218 2108 390 2173 Percussae
412 2110 560 2174 dominae
582 2114 686 2173 vertat
706 2111 741 2173 in
763 2109 932 2173 auriculas!

178 2192 227 2257 Sit
242 2195 325 2258 *licet
347 2197 380 2258 et
401 2216 478 2258 saxo
499 2195 673 2277 patientior
695 2195 750 2258 illa
773 2193 901 2275 Sicano,

128 2289 162 2337 30
220 2277 268 2341 Sit
289 2280 365 2342 licet
388 2281 420 2342 et
441 2280 524 2342 ferro
548 2279 656 2341 durior
678 2282 711 2343 et
732 2278 881 2361 chalybe,

177 2361 254 2426 Non
275 2366 384 2425 tamen
411 2363 466 2425 illa
494 2383 567 2426 suos
590 2364 709 2445 poterit
731 2384 921 2445 conpescere
943 2364 1048 2429 ocello

221 2445 339 2531 Surget
360 2449 392 2510 et
413 2447 522 2511 invitis
545 2447 676 2531 spiritus
698 2449 733 2510 in
754 2447 902 2511 lacrimis.

177 2531 273 2594 Nunc
294 2532 377 2595 iacet
398 2531 528 2595 alterius
550 2532 637 2595 felici
657 2531 733 2595 nixa
754 2531 890 2596 lacerto:

220 2616 264 2679 At
285 2637 356 2679 mea
376 2619 533 2679 nocturno
556 2616 652 2680 verba
675 2616 793 2679 cadunt
814 2615 969 2700 Zephyre.

127 2712 160 2760 35
177 2698 239 2764 Sed
261 2703 296 2763 tu
317 2699 387 2763 sola
408 2698 486 2783 mei,
508 2703 544 2763 tu
565 2701 704 2764 maxima
726 2722 820 2765 causa
842 2701 976 2784 doloris,

80 2793 84 2799 '
222 2783 319 2848 Victa
339 2784 419 2848 meis
441 2806 627 2868 numquam,
651 2786 761 2868 ianua,
782 2786 975 2850 muneribus.

177 2867 222 2932 Te
237 2891 309 2932 non
330 2868 396 2932 ulla
417 2891 505 2932 meae
527 2870 621 2933 laesit
641 2871 820 2952 petulantia
841 2870 985 2955 linguae,

220 2952 308 3027 Quae
331 2952 413 3016 solet
433 2953 562 3038 ingrato
585 2954 682 3038 figere
704 2954 794 3018 theta
816 2955 923 3037 locu„

177 3036 222 3100 Vt
243 3060 294 3101 me
316 3040 382 3100 tam
403 3038 501 3122 longa
522 3060 652 3101 raucum
673 3039 795 3121 patiare
818 3040 947 3122 querela

127 3132 161 3182 40
219 3120 378 3186 Sollicitas
399 3122 494 3184 trivio
517 3123 708 3206 pervigilare
729 3145 844 3187 moras

176 3206 223 3269 At
243 3206 302 3269 tibi
325 3228 418 3288 saepe
440 3227 524 3269 novo
546 3206 661 3285 deduxi
683 3208 824 3270 carmina
845 3230 955 3289 versu,

220 3289 398 3372 Osculaque
420 3290 574 3372 inpressis
596 3292 671 3354 nixa
693 3291 765 3355 dedi
787 3292 947 3376 gradibus.

176 3376 264 3439 Ante
284 3378 358 3437 tuos
381 3375 527 3457 quotiens
549 3377 629 3439 verti
651 3398 717 3457 me,
739 3376 874 3458 perfida,
896 3382 1021 3461 postes,

220 3457 399 3542 Debitaque
421 3459 555 3523 occultis
577 3463 653 3523 vota
673 3461 733 3523 tuli
755 3461 934 3525 manibusl'

128 3554 161 3605 45
176 3542 265 3607 Haec
288 3543 342 3606 ille
365 3547 397 3607 et
419 3543 526 3625 siquae
543 3545 656 3620 miseri
669 3545 811 3608 novistis
834 3551 978 3612 amantes
