2392 3990
22 184 29 235 ἱ
73 121 190 194 anxir]
474 119 582 174 amna
602 119 651 174 m.

108 283 151 348 Et
172 304 240 347 non
262 283 365 347 inflati
387 283 512 347 somnia
534 279 730 348 Callimachi.

73 365 150 432 Nam
173 389 283 432 cursus
306 369 382 432 licet
402 367 510 431 Aetoli
531 367 651 430 referas
672 364 827 448 Acheloi,
922 435 925 440 ,

11 449 28 487 ⁰¹·
109 453 250 516 Fluxerit
271 456 308 515 ut
328 456 448 535 magno
470 454 575 516 tactus
597 471 705 515 amore
727 451 845 533 liquor,

74 536 171 620 Atque
197 537 293 600 etiam
316 540 352 601 ut
372 535 513 620 Phrygio
536 536 634 599 fallax
656 534 842 600 Maeandria
863 552 975 617 campo
996 545 1029 592 35

108 621 203 684 Errat
224 624 256 684 55
276 623 347 704 ipsa
368 642 441 684 suas
464 621 582 704 decipit
603 620 689 683 unda
710 621 793 702 vias,

74 703 174 778 Qualis
198 709 231 769 et
250 705 381 769 Adrasti
403 705 499 768 fuerit
519 704 644 769 vocalis
665 705 783 786 Arion,

109 789 221 854 Tristis
235 790 284 854 =ad
296 789 495 855 ,Archemori
516 789 630 853 funera
650 788 752 853 victor
775 809 887 872 equos:

74 869 141 938 Non
161 874 289 958 prosint
309 874 369 938 tibi
391 875 564 958 quadrigae
586 874 653 937 fata
674 872 889 957 Amphiareae

14 983 17 994 ·
109 960 174 1023 Aut
196 957 338 1043 Capanei
359 979 477 1043 magno
500 961 593 1043 grata
613 958 706 1022 ruina
727 956 806 1021 Iovi.
996 969 1030 1015 45

75 1038 183 1106 Desine
205 1047 238 1107 55
258 1042 438 1125 Aeschyleo
462 1063 643 1127 conponere
664 1042 762 1106 verba
784 1040 957 1122 cothurno,

108 1126 242 1210 Desine,
265 1131 297 1192 et
318 1127 358 1191 ad
380 1126 492 1191 molles
514 1127 659 1191 membra
679 1128 802 1191 resolve
824 1124 949 1191 choros.

76 1205 175 1296 Incipe
197 1212 262 1276 ianr
284 1215 420 1296 angusto
443 1233 552 1275 versus
574 1211 724 1276 incudere
746 1217 855 1294 torno,

64 1313 67 1322 ’
108 1293 207 1381 Inque
228 1301 301 1361 tuos
322 1298 430 1381 ignes,
453 1295 530 1360 dure
552 1300 663 1380 poeta,
685 1297 768 1360 veni.

75 1374 114 1442 lu
133 1402 200 1445 non
221 1381 431 1463 Antimacho,
453 1402 521 1445 non
542 1382 642 1444 tutior
662 1381 725 1444 ibis
746 1380 903 1445 Homero:
996 1391 1029 1439 45

108 1463 251 1548 Despicit
272 1469 305 1529 et
325 1487 461 1550 magnos
482 1468 570 1529 reeta
590 1465 698 1548 puella
720 1465 806 1529 deos.

75 1543 186 1614 Hrrum
207 1550 297 1614 nulla
320 1551 403 1614 solet
422 1551 580 1614 rationem
604 1571 754 1634 quaerere
775 1549 903 1631 mundi,
996 1561 1028 1608 51

107 1632 173 1700 Ν55
197 1656 252 1698 5115
273 1635 423 1699 fraternis
445 1634 537 1698 Luna
558 1635 682 1699 laboret
703 1635 809 1719 equis,

10 1776 11 1790 ,
74 1711 132 1784 Nec
154 1719 181 1783 si
202 1722 279 1802 post
300 1719 428 1804 Stygias
450 1719 570 1802 aliquid
591 1719 782 1783 restabimus
804 1719 920 1799 undas,
1080 1785 1084 1794 ,

107 1801 173 1868 Ν55
195 1803 224 1867 51
246 1805 392 1868 5551511155
413 1804 551 1867 fulmina
571 1805 671 1867 missa
691 1808 815 1868 tonent.
995 1814 1028 1861 54

74 1881 126 1951 Sed
146 1908 214 1952 non
236 1891 310 1952 ante
332 1888 423 1973 gravi
444 1891 554 1953 taurus
577 1888 755 1952 succumbit
777 1893 898 1971 aratro,
995 1899 1029 1963 45

108 1970 234 2037 Cornua
256 1994 350 2057 quarn
372 1972 485 2037 validis
507 1973 646 2037 haeserit
667 1973 701 2035 in
722 1973 859 2056 laqueis,

70 2051 131 2121 Nec
151 2060 188 2121 tu
210 2061 275 2121 tam
298 2057 394 2122 duros
416 2080 474 2142 per
494 2061 527 2122 te
548 2058 677 2141 patieris
699 2078 838 2121 amores:

105 2141 190 2205 Trux
212 2147 320 2206 tamen
342 2165 360 2206 a
382 2143 475 2206 nobis
498 2146 572 2206 ante
594 2142 771 2206 domandus
793 2141 865 2206 eris.
994 2154 1027 2200 55

68 2226 110 2290 As
132 2227 181 2290 ice
202 2249 266 2309 mc,
291 2228 342 2291 cui
363 2249 461 2311 parva
483 2226 569 2290 domi
590 2227 721 2290 fortuna
735 2226 899 2308 relictast,
993 2238 1027 2285 55

103 2249 220 2376 ilullus
243 2315 276 2375 et
297 2312 428 2395 antiquo
451 2311 556 2376 Marte
578 2311 757 2396 triumphus
781 2311 847 2393 avi,

66 2393 108 2459 Vt
126 2416 260 2480 regnem
280 2398 397 2460 mixtas
420 2398 503 2460 inter
525 2397 658 2461 conviva
680 2397 801 2480 puellas

102 2478 174 2544 Hoc
198 2501 275 2565 ege,
299 2502 362 2562 quo
384 2481 445 2545 tibi
466 2502 552 2545 nunc
574 2482 694 2563 elevor,
718 2482 858 2565 ingenio.

61 2563 114 2628 Me
135 2565 224 2628 iuvet
245 2565 403 2629 hesternis
424 2566 566 2648 positum
587 2566 739 2650 languere
762 2566 904 2648 corollis,

102 2647 205 2724 Quem
226 2651 335 2734 tetigit
357 2651 441 2714 iactu
463 2653 567 2714 certus
589 2650 630 2734 ad
652 2671 724 2713 ossa
746 2649 839 2732 dena,

60 2735 156 2797 Actia
178 2733 358 2818 Vergilium
381 2734 521 2798 custodis
543 2735 653 2798 littora
674 2734 811 2816 Phoebi,

102 2816 249 2882 Caesaris
272 2822 304 2882 et
324 2819 423 2883 fortes
447 2818 549 2882 dicere
571 2840 665 2903 posse
687 2822 786 2898 rates,

59 2902 124 2978 Qui
144 2923 231 2966 nune
252 2905 381 2966 Aeneae
403 2902 534 2966 Troiani
556 2905 690 2967 suscitat
712 2924 799 2967 arma

101 2985 252 3070 laetaque
275 2986 403 3051 Lavinis
425 2988 551 3051 moenia
573 2989 744 3052 littoribus.

59 3070 172 3137 Cedite
192 3070 332 3135 Romani
354 3071 540 3155 scriptores,
564 3073 665 3136 cedite
689 3072 780 3137 Graia
994 3084 1025 3133 55

98 3154 298 3240 Nescioquid
320 3158 422 3220 maius
447 3158 589 3220 nascitur
611 3156 721 3221 Iliade.

59 3238 108 3303 Tu
130 3241 218 3305 canis
240 3241 382 3304 umbrosi
405 3240 514 3304 subter
535 3243 645 3325 pineta
667 3241 793 3305 Galaesi

101 3322 241 3408 Thyrsin
264 3330 296 3387 et
318 3326 435 3388 attritis
450 3323 604 3407 Daphnin
625 3326 857 3390 harundinibus
863 3376 872 3408 ,

62 3406 166 3491 thue
190 3409 299 3474 decem
320 3411 447 3493 possint
469 3430 671 3486 corrumpere
693 3411 777 3474 mala
798 3411 935 3496 puellaS,
