2392 3990
119 237 193 305 vn]
497 235 605 294 LIBER
627 240 690 297 1111.

158 400 203 464 nt
224 401 321 464 miser
341 401 476 465 invisam
498 402 596 465 traxit
616 401 723 465 hiatus
746 423 878 486 aquam:

115 489 209 550 Hunc
231 506 329 569 parvo
352 486 428 549 ferri
450 486 529 548 vidit
550 507 615 549 nox
636 487 773 570 inproba
796 487 896 572 liguo.

158 569 276 633 Paetus
299 574 334 634 ut
356 570 530 649 occideret,
551 572 601 634 tot
623 572 726 635 coiere
747 572 841 635 mala.

117 652 212 718 Flens
227 657 337 718 tamen
352 655 500 718 extremis
512 654 600 718 dedit
614 653 693 719 haec
708 656 858 720 mandata
873 656 1024 741 querelis,
1046 670 1079 719 55

159 738 241 802 Cum
263 739 455 802 moribunda
476 740 569 824 niger
590 740 751 803 clauderet
772 761 830 803 ora
850 741 969 825 liquor:

115 822 177 886 ‘Di
198 823 297 886 maris
312 823 434 907 Aegaei
449 845 528 906 quos
544 827 619 886 sunt
638 845 738 907 penes
753 845 909 908 aequora,
923 824 1037 909 Venti,

70 952 73 975 ι
98 928 101 936 ·
159 907 204 970 Ε1
225 928 440 990 quaecumque
461 931 567 971 meum
590 907 742 992 degravat
763 910 848 973 unda
870 913 980 992 caput,

70 996 72 1055 5
115 991 187 1066 Quo
209 992 322 1074 rapitis
344 991 477 1055 miseros
499 997 626 1056 tenerae
649 993 809 1076 lanuginis
833 993 959 1058 anuos?

159 1076 334 1140 Attulimus
357 1077 470 1159 longas
492 1077 527 1140 in
548 1077 631 1141 freta
655 1082 760 1141 vestra
781 1099 903 1143 manus.
1046 1092 1080 1140 00

115 1161 147 1223 A
168 1161 266 1223 miser
288 1161 457 1242 alcyonum
479 1162 619 1244 scopulis
641 1161 764 1245 adfigar
786 1162 903 1228 acutis:

161 1243 200 1307 In
222 1266 277 1308 me
297 1245 439 1308 caerulco
462 1244 586 1309 fuscina
607 1250 733 1330 sumpta
755 1246 855 1312 deost.

115 1330 162 1393 At
183 1329 298 1393 saltem
318 1327 431 1393 Italiae
452 1331 637 1414 regionibus
660 1329 796 1394 advehet
818 1335 939 1396 aestus:

160 1412 233 1477 Hoc
255 1412 368 1478 deme
390 1416 440 1478 sat
462 1415 522 1477 erit
544 1415 688 1479 simodo
710 1416 820 1480 matris
843 1417 927 1480 erit'

114 1496 284 1562 Subtrahit
304 1497 383 1563 haec
402 1498 524 1562 fantem
545 1503 629 1563 torta
648 1501 803 1585 vertigine
823 1500 952 1586 fluctus3
1047 1514 1080 1564 05

160 1581 284 1646 Vltima
306 1604 386 1666 quae
407 1583 505 1647 Paeto
527 1604 651 1668 voxque
673 1584 802 1669 diesque
824 1585 893 1649 suit.

115 1666 146 1731 Ο
169 1670 298 1731 centum
320 1689 495 1751 aequoreae
516 1667 622 1732 Nereo
644 1671 789 1754 genitore
810 1670 952 1755 puellae,

159 1751 205 1814 Et
225 1754 261 1814 tu
282 1755 427 1815 materno
449 1755 536 1816 tacta
558 1753 667 1817 dolore
689 1753 784 1818 Theti

113 1834 200 1920 (Vos
223 1835 329 1900 decuit
350 1837 433 1900 lasso
456 1859 635 1920 supponere
656 1838 787 1902 brachia
808 1842 931 1905 mento:

158 1919 235 1984 Non
256 1924 382 2003 poterat
402 1925 524 1985 vestras
545 1923 600 1985 ille
621 1944 753 2006 gravare
775 1924 917 2009 manus),
1047 1937 1080 1984 70

114 2004 251 2070 Reddite
273 2026 387 2088 corpus
406 2005 504 2070 humo
526 2005 678 2089 (positast
697 2008 732 2069 in
752 2008 879 2092 gurgite
900 2008 996 2092 vita);
1047 2022 1079 2068 25

158 2088 293 2153 Paetum
315 2093 429 2173 sponte
450 2094 520 2171 tua,
543 2091 615 2153 vilis
638 2112 746 2174 arena,
769 2096 875 2174 tegas3

114 2173 160 2238 Et
181 2175 329 2256 quotiens
351 2174 441 2238 Paeti
461 2175 612 2238 transibit
632 2179 730 2238 nauta
752 2175 969 2258 sepulchrum,

158 2257 256 2321 Dicat
277 2263 329 2321 ‘et
350 2259 462 2322 audaci
483 2263 519 2322 tu
540 2260 637 2335 timor
658 2281 727 2323 esse
750 2263 862 2343 potes!
1047 2273 1079 2321 28

114 2343 162 2408 At
183 2346 234 2424 tu,
258 2363 349 2406 saeve
364 2344 497 2426 Aquilo,
520 2365 693 2427 numquam
714 2367 785 2407 mea
798 2344 868 2407 vela
888 2344 1025 2409 videbis:
1064 2388 1069 2397 ·

158 2429 245 2491 Ante
267 2427 352 2491 sores
374 2428 521 2491 dominae
544 2429 662 2492 condar
684 2431 812 2512 oportet
832 2429 928 2494 iners.

524 2557 673 2566 —n—

490 2642 559 2714 vn
588 2638 713 2742 [vnn.
827 2678 833 2689 -

116 2765 231 2832 Dulcis
254 2765 293 2828 ed
314 2764 480 2829 hesternas
501 2766 608 2830 fuerat
631 2765 709 2828 mihi
731 2769 800 2830 rixa
815 2767 982 2849 lucaman,

160 2849 258 2913 Vocis
280 2853 313 2913 et
334 2853 464 2914 insanae
485 2852 536 2913 tot
556 2850 726 2914 maledicta
747 2854 829 2915 tuae.

115 2934 184 3000 Cur
205 2933 376 2998 furibunda
396 2955 484 2998 mero
507 2957 651 2998 mensam
671 2935 825 3018 propellis
848 2939 879 2998 et
900 2935 935 2998 in
956 2956 1007 2999 me

160 3018 282 3082 Proicis
304 3021 418 3082 insana
439 3019 564 3102 cymbia
584 3019 681 3101 plena
702 3018 821 3082 manu?

116 3103 166 3166 Tu
187 3123 263 3165 vero
285 3108 413 3166 nostros
435 3104 538 3166 audax
560 3103 672 3167 invade
696 3103 828 3186 capillos
1064 3117 1080 3165 1

159 3186 204 3250 Et
224 3208 296 3250 mea
316 3187 465 3250 formosis
486 3188 647 3270 unguibus
670 3209 726 3251 ora
746 3192 837 3270 11011,

119 3270 168 3334 Tu
190 3271 340 3335 minitare
363 3273 472 3336 oculos
495 3272 639 3335 subiecta
661 3278 790 3337 exurere
812 3273 953 3356 flamma,

160 3355 224 3420 Fac
245 3377 317 3419 meo
339 3357 474 3420 rescisso
497 3360 626 3439 pectora
647 3356 733 3419 nuda
755 3358 835 3421 sinu.

119 3439 278 3506 Nimirum
299 3441 367 3504 veri
389 3442 504 3504 dantur
525 3440 603 3503 mihi
627 3442 720 3524 signa
742 3442 871 3506 caloris:

158 3524 245 3590 Nam
268 3525 337 3589 sine
359 3547 467 3590 amore
488 3525 578 3608 gravi
601 3525 720 3589 femina
742 3526 830 3589 nulla
852 3527 947 3592 dolet
1049 3540 1081 3587 10
