<?xml version="1.0" encoding="UTF-8"?>
<!DOCTYPE html PUBLIC "-//W3C//DTD XHTML 1.0 Transitional//EN"
    "http://www.w3.org/TR/xhtml1/DTD/xhtml1-transitional.dtd">
<html xmlns="http://www.w3.org/1999/xhtml" xml:lang="en" lang="en">
 <head>
  <title>
</title>
<meta http-equiv="Content-Type" content="text/html;charset=utf-8" />
  <meta name='ocr-system' content='tesseract 3.04.00' />
  <meta name='ocr-capabilities' content='ocr_page ocr_carea ocr_par ocr_line ocrx_word'/>
</head>
<body>
  <div class='ocr_page' id='page_1' title='image "./sexrecensvitlvc00propgoog_0113.png"; bbox 0 0 2392 3990; ppageno 0'>
   <div class='ocr_carea' id='block_1_1' title="bbox 91 265 1052 344">
    <p class='ocr_par' dir='ltr' id='par_1_1' title="bbox 91 265 1052 344">
     <span class='ocr_line' id='line_1_1' title="bbox 91 265 1052 344; baseline 0.002 -16"><span class='ocrx_word' id='word_1_1' title='bbox 91 265 150 330; x_wconf 77' lang='lat'>102</span> <span class='ocrx_word' id='word_1_2' title='bbox 477 271 670 331; x_wconf 79' lang='grc'><strong>1101111111</strong></span> <span class='ocrx_word' id='word_1_3' title='bbox 982 272 1052 344; x_wconf 88' lang='grc'><strong>[1111.</strong></span> 
     </span>
    </p>
   </div>
   <div class='ocr_carea' id='block_1_2' title="bbox 102 433 1095 689">
    <p class='ocr_par' dir='ltr' id='par_1_2' title="bbox 102 433 1095 689">
     <span class='ocr_line' id='line_1_2' title="bbox 150 433 1095 527; baseline 0 -29"><span class='ocrx_word' id='word_1_4' title='bbox 150 433 235 498; x_wconf 90' lang='lat' dir='ltr'>Nam</span> <span class='ocrx_word' id='word_1_5' title='bbox 260 435 367 515; x_wconf 87' lang='lat' dir='ltr'>Vesta,</span> <span class='ocrx_word' id='word_1_6' title='bbox 391 434 506 498; x_wconf 89' lang='lat' dir='ltr'>Iliacae</span> <span class='ocrx_word' id='word_1_7' title='bbox 528 435 605 498; x_wconf 82' lang='lat' dir='ltr'><strong>felix</strong></span> <span class='ocrx_word' id='word_1_8' title='bbox 626 435 727 499; x_wconf 86' lang='lat' dir='ltr'>tutela</span> <span class='ocrx_word' id='word_1_9' title='bbox 747 435 885 516; x_wconf 75' lang='lat' dir='ltr'>favillae,</span> <span class='ocrx_word' id='word_1_10' title='bbox 1089 438 1095 527; x_wconf 69' lang='grc' dir='ltr'>ξ</span> 
     </span>
     <span class='ocr_line' id='line_1_3' title="bbox 102 517 1095 627; baseline 0.005 -49"><span class='ocrx_word' id='word_1_11' title='bbox 102 529 136 578; x_wconf 75' lang='lat' dir='ltr'>&#39;ro</span> <span class='ocrx_word' id='word_1_12' title='bbox 193 517 326 614; x_wconf 76' lang='lat' dir='ltr'>Culpam</span> <span class='ocrx_word' id='word_1_13' title='bbox 348 519 461 615; x_wconf 81' lang='grc'><strong>1111111</strong></span> <span class='ocrx_word' id='word_1_14' title='bbox 482 520 589 602; x_wconf 89' lang='lat' dir='ltr'>plures</span> <span class='ocrx_word' id='word_1_15' title='bbox 612 520 721 584; x_wconf 86' lang='lat' dir='ltr'>condit</span> <span class='ocrx_word' id='word_1_16' title='bbox 743 520 777 583; x_wconf 93' lang='lat' dir='ltr'>in</span> <span class='ocrx_word' id='word_1_17' title='bbox 799 542 871 584; x_wconf 85' lang='lat' dir='ltr'>ossa</span> <span class='ocrx_word' id='word_1_18' title='bbox 892 519 991 584; x_wconf 89' lang='lat' dir='ltr'>faces.</span> <span class='ocrx_word' id='word_1_19' title='bbox 1089 530 1095 627; x_wconf 49' lang='grc' dir='ltr'><strong>ἶ</strong></span> 
     </span>
     <span class='ocr_line' id='line_1_4' title="bbox 151 601 1095 689; baseline 0.007 -25"><span class='ocrx_word' id='word_1_20' title='bbox 151 601 306 685; x_wconf 81' lang='grc'><strong>1111111111,</strong></span> <span class='ocrx_word' id='word_1_21' title='bbox 330 603 431 686; x_wconf 90' lang='lat' dir='ltr'>quahs</span> <span class='ocrx_word' id='word_1_22' title='bbox 454 605 588 667; x_wconf 89' lang='lat' dir='ltr'>celerem</span> <span class='ocrx_word' id='word_1_23' title='bbox 610 625 709 687; x_wconf 87' lang='lat' dir='ltr'>prope</span> <span class='ocrx_word' id='word_1_24' title='bbox 730 603 974 670; x_wconf 81' lang='lat' dir='ltr'>Thermodonta</span> <span class='ocrx_word' id='word_1_25' title='bbox 1092 630 1095 689; x_wconf 76' lang='grc'>1</span> 
     </span>
    </p>
   </div>
   <div class='ocr_carea' id='block_1_3' title="bbox 88 685 1052 2714">
    <p class='ocr_par' dir='ltr' id='par_1_3' title="bbox 88 685 1052 2714">
     <span class='ocr_line' id='line_1_5' title="bbox 193 685 894 771; baseline 0.003 -22"><span class='ocrx_word' id='word_1_26' title='bbox 193 685 373 770; x_wconf 82' lang='lat' dir='ltr'>Strymonis</span> <span class='ocrx_word' id='word_1_27' title='bbox 395 688 536 752; x_wconf 87' lang='lat' dir='ltr'>abscisso</span> <span class='ocrx_word' id='word_1_28' title='bbox 558 689 661 751; x_wconf 87' lang='lat' dir='ltr'>fertur</span> <span class='ocrx_word' id='word_1_29' title='bbox 682 691 792 771; x_wconf 87' lang='lat' dir='ltr'>aperta</span> <span class='ocrx_word' id='word_1_30' title='bbox 814 690 894 753; x_wconf 88' lang='lat' dir='ltr'>sinu.</span> 
     </span>
     <span class='ocr_line' id='line_1_6' title="bbox 151 771 866 857; baseline 0.003 -22"><span class='ocrx_word' id='word_1_31' title='bbox 151 771 231 835; x_wconf 89' lang='lat' dir='ltr'>Vrbi</span> <span class='ocrx_word' id='word_1_32' title='bbox 253 771 353 835; x_wconf 83' lang='lat' dir='ltr'>festus</span> <span class='ocrx_word' id='word_1_33' title='bbox 375 775 443 835; x_wconf 89' lang='lat' dir='ltr'>erat</span> <span class='ocrx_word' id='word_1_34' title='bbox 466 772 586 857; x_wconf 78' lang='lat' dir='ltr'>(dixere</span> <span class='ocrx_word' id='word_1_35' title='bbox 608 772 727 836; x_wconf 87' lang='lat' dir='ltr'>Parilia</span> <span class='ocrx_word' id='word_1_36' title='bbox 747 778 866 856; x_wconf 86' lang='lat' dir='ltr'>patres,</span> 
     </span>
     <span class='ocr_line' id='line_1_7' title="bbox 193 855 924 944; baseline 0.004 -25"><span class='ocrx_word' id='word_1_37' title='bbox 193 855 256 919; x_wconf 91' lang='lat' dir='ltr'>Hic</span> <span class='ocrx_word' id='word_1_38' title='bbox 276 856 398 939; x_wconf 89' lang='lat' dir='ltr'>primus</span> <span class='ocrx_word' id='word_1_39' title='bbox 421 858 528 940; x_wconf 90' lang='lat' dir='ltr'>coepit</span> <span class='ocrx_word' id='word_1_40' title='bbox 548 858 714 921; x_wconf 89' lang='lat' dir='ltr'>moenibus</span> <span class='ocrx_word' id='word_1_41' title='bbox 737 861 814 940; x_wconf 78' lang='lat' dir='ltr'>esse)</span> <span class='ocrx_word' id='word_1_42' title='bbox 840 858 924 944; x_wconf 88' lang='lat' dir='ltr'>dies,</span> 
     </span>
     <span class='ocr_line' id='line_1_8' title="bbox 102 941 909 1027; baseline 0.006 -26"><span class='ocrx_word' id='word_1_43' title='bbox 102 950 134 1000; x_wconf 74' lang='lat'>&#39;15</span> <span class='ocrx_word' id='word_1_44' title='bbox 149 941 268 1003; x_wconf 89' lang='lat' dir='ltr'>Annua</span> <span class='ocrx_word' id='word_1_45' title='bbox 289 945 452 1024; x_wconf 85' lang='lat' dir='ltr'>pastorum</span> <span class='ocrx_word' id='word_1_46' title='bbox 475 943 634 1025; x_wconf 87' lang='lat' dir='ltr'>convivia,</span> <span class='ocrx_word' id='word_1_47' title='bbox 656 943 744 1005; x_wconf 87' lang='lat' dir='ltr'>lusus</span> <span class='ocrx_word' id='word_1_48' title='bbox 766 943 801 1005; x_wconf 92' lang='lat' dir='ltr'>in</span> <span class='ocrx_word' id='word_1_49' title='bbox 821 944 909 1027; x_wconf 90' lang='lat' dir='ltr'>urbe,</span> 
     </span>
     <span class='ocr_line' id='line_1_9' title="bbox 194 1023 875 1110; baseline 0.001 -20"><span class='ocrx_word' id='word_1_50' title='bbox 194 1023 275 1090; x_wconf 83' lang='lat' dir='ltr'>Cum</span> <span class='ocrx_word' id='word_1_51' title='bbox 297 1047 423 1109; x_wconf 86' lang='lat' dir='ltr'>pagana</span> <span class='ocrx_word' id='word_1_52' title='bbox 444 1025 574 1089; x_wconf 90' lang='lat' dir='ltr'>madent</span> <span class='ocrx_word' id='word_1_53' title='bbox 595 1027 716 1090; x_wconf 87' lang='lat' dir='ltr'>fercula</span> <span class='ocrx_word' id='word_1_54' title='bbox 737 1026 875 1110; x_wconf 90' lang='lat' dir='ltr'>deliciis,</span> 
     </span>
     <span class='ocr_line' id='line_1_10' title="bbox 151 1108 997 1192; baseline 0.004 -17"><span class='ocrx_word' id='word_1_55' title='bbox 151 1108 293 1192; x_wconf 76' lang='lat' dir='ltr'>Cumque</span> <span class='ocrx_word' id='word_1_56' title='bbox 317 1131 412 1192; x_wconf 89' lang='lat' dir='ltr'>super</span> <span class='ocrx_word' id='word_1_57' title='bbox 433 1132 522 1173; x_wconf 86' lang='lat' dir='ltr'>raros</span> <span class='ocrx_word' id='word_1_58' title='bbox 544 1111 630 1174; x_wconf 89' lang='lat' dir='ltr'>faeni</span> <span class='ocrx_word' id='word_1_59' title='bbox 651 1110 843 1175; x_wconf 88' lang='lat' dir='ltr'>flammantis</span> <span class='ocrx_word' id='word_1_60' title='bbox 866 1133 997 1178; x_wconf 84' lang='lat' dir='ltr'>acervos</span> 
     </span>
     <span class='ocr_line' id='line_1_11' title="bbox 192 1193 856 1279; baseline 0 -22"><span class='ocrx_word' id='word_1_61' title='bbox 192 1193 314 1258; x_wconf 85' lang='lat' dir='ltr'>Traicit</span> <span class='ocrx_word' id='word_1_62' title='bbox 335 1194 505 1258; x_wconf 89' lang='lat' dir='ltr'>inmundos</span> <span class='ocrx_word' id='word_1_63' title='bbox 528 1195 616 1259; x_wconf 86' lang='lat' dir='ltr'>ebria</span> <span class='ocrx_word' id='word_1_64' title='bbox 635 1197 730 1259; x_wconf 88' lang='lat' dir='ltr'>turba</span> <span class='ocrx_word' id='word_1_65' title='bbox 750 1196 856 1279; x_wconf 87' lang='lat' dir='ltr'>pedes.</span> 
     </span>
     <span class='ocr_line' id='line_1_12' title="bbox 151 1277 884 1345; baseline 0.003 -3"><span class='ocrx_word' id='word_1_66' title='bbox 151 1277 304 1342; x_wconf 87' lang='lat' dir='ltr'>Romulus</span> <span class='ocrx_word' id='word_1_67' title='bbox 328 1279 475 1343; x_wconf 82' lang='lat' dir='ltr'>excubias</span> <span class='ocrx_word' id='word_1_68' title='bbox 499 1278 639 1344; x_wconf 80' lang='lat' dir='ltr'>decrevit</span> <span class='ocrx_word' id='word_1_69' title='bbox 659 1280 694 1343; x_wconf 92' lang='lat' dir='ltr'>in</span> <span class='ocrx_word' id='word_1_70' title='bbox 716 1282 782 1343; x_wconf 92' lang='lat' dir='ltr'>otia</span> <span class='ocrx_word' id='word_1_71' title='bbox 804 1281 884 1345; x_wconf 91' lang='lat' dir='ltr'>solvi</span> 
     </span>
     <span class='ocr_line' id='line_1_13' title="bbox 100 1363 848 1446; baseline 0.004 -20"><span class='ocrx_word' id='word_1_72' title='bbox 100 1373 137 1426; x_wconf 74' lang='grc'>80</span> <span class='ocrx_word' id='word_1_73' title='bbox 190 1363 297 1446; x_wconf 84' lang='lat' dir='ltr'>Atque</span> <span class='ocrx_word' id='word_1_74' title='bbox 319 1363 500 1427; x_wconf 85' lang='lat' dir='ltr'>intermissa</span> <span class='ocrx_word' id='word_1_75' title='bbox 521 1366 625 1428; x_wconf 85' lang='lat' dir='ltr'>castra</span> <span class='ocrx_word' id='word_1_76' title='bbox 646 1364 739 1429; x_wconf 87' lang='lat' dir='ltr'>silere</span> <span class='ocrx_word' id='word_1_77' title='bbox 761 1365 848 1429; x_wconf 85' lang='lat' dir='ltr'>tuba.</span> 
     </span>
     <span class='ocr_line' id='line_1_14' title="bbox 149 1444 1051 1532; baseline 0.008 -22"><span class='ocrx_word' id='word_1_78' title='bbox 149 1445 221 1511; x_wconf 94' lang='lat' dir='ltr'>Hoc</span> <span class='ocrx_word' id='word_1_79' title='bbox 243 1447 377 1530; x_wconf 86' lang='lat' dir='ltr'>Tarpeia</span> <span class='ocrx_word' id='word_1_80' title='bbox 398 1469 490 1511; x_wconf 90' lang='lat' dir='ltr'>suum</span> <span class='ocrx_word' id='word_1_81' title='bbox 511 1452 636 1532; x_wconf 89' lang='lat' dir='ltr'>tempus</span> <span class='ocrx_word' id='word_1_82' title='bbox 650 1453 721 1512; x_wconf 87' lang='lat' dir='ltr'>rata</span> <span class='ocrx_word' id='word_1_83' title='bbox 741 1451 892 1515; x_wconf 88' lang='lat' dir='ltr'>convenit</span> <span class='ocrx_word' id='word_1_84' title='bbox 905 1444 1051 1518; x_wconf 88' lang='lat' dir='ltr'>hostem:</span> 
     </span>
     <span class='ocr_line' id='line_1_15' title="bbox 191 1531 882 1616; baseline 0.006 -21"><span class='ocrx_word' id='word_1_85' title='bbox 191 1531 288 1596; x_wconf 87' lang='lat' dir='ltr'>Pacta</span> <span class='ocrx_word' id='word_1_86' title='bbox 309 1533 398 1616; x_wconf 90' lang='lat' dir='ltr'>ligat,</span> <span class='ocrx_word' id='word_1_87' title='bbox 421 1533 522 1616; x_wconf 85' lang='lat' dir='ltr'>pactis</span> <span class='ocrx_word' id='word_1_88' title='bbox 545 1533 615 1615; x_wconf 87' lang='lat' dir='ltr'>ipsa</span> <span class='ocrx_word' id='word_1_89' title='bbox 635 1533 743 1598; x_wconf 84' lang='lat' dir='ltr'>futura</span> <span class='ocrx_word' id='word_1_90' title='bbox 765 1555 882 1600; x_wconf 91' lang='lat' dir='ltr'>comes.</span> 
     </span>
     <span class='ocr_line' id='line_1_16' title="bbox 149 1616 988 1702; baseline 0.007 -23"><span class='ocrx_word' id='word_1_91' title='bbox 149 1616 245 1680; x_wconf 88' lang='lat' dir='ltr'>Mons</span> <span class='ocrx_word' id='word_1_92' title='bbox 269 1619 337 1679; x_wconf 87' lang='lat' dir='ltr'>erat</span> <span class='ocrx_word' id='word_1_93' title='bbox 359 1637 492 1681; x_wconf 89' lang='lat' dir='ltr'>ascensu</span> <span class='ocrx_word' id='word_1_94' title='bbox 514 1618 628 1681; x_wconf 89' lang='lat' dir='ltr'>dubius</span> <span class='ocrx_word' id='word_1_95' title='bbox 650 1619 796 1702; x_wconf 89' lang='lat' dir='ltr'>festoque</span> <span class='ocrx_word' id='word_1_96' title='bbox 817 1619 988 1686; x_wconf 87' lang='lat' dir='ltr'>remissus:</span> 
     </span>
     <span class='ocr_line' id='line_1_17' title="bbox 191 1700 911 1786; baseline 0.006 -22"><span class='ocrx_word' id='word_1_97' title='bbox 191 1700 261 1765; x_wconf 89' lang='lat' dir='ltr'>Nec</span> <span class='ocrx_word' id='word_1_98' title='bbox 282 1723 381 1783; x_wconf 87' lang='lat' dir='ltr'>mora,</span> <span class='ocrx_word' id='word_1_99' title='bbox 404 1702 530 1764; x_wconf 88' lang='lat' dir='ltr'>vocales</span> <span class='ocrx_word' id='word_1_100' title='bbox 553 1706 687 1786; x_wconf 90' lang='lat' dir='ltr'>occupat</span> <span class='ocrx_word' id='word_1_101' title='bbox 709 1724 785 1766; x_wconf 89' lang='lat' dir='ltr'>ense</span> <span class='ocrx_word' id='word_1_102' title='bbox 807 1725 911 1768; x_wconf 90' lang='lat' dir='ltr'>canes.</span> 
     </span>
     <span class='ocr_line' id='line_1_18' title="bbox 99 1785 1000 1875; baseline 0.01 -29"><span class='ocrx_word' id='word_1_103' title='bbox 99 1796 132 1846; x_wconf 79' lang='lat'>85</span> <span class='ocrx_word' id='word_1_104' title='bbox 149 1785 265 1848; x_wconf 88' lang='lat' dir='ltr'>Omnia</span> <span class='ocrx_word' id='word_1_105' title='bbox 285 1786 481 1869; x_wconf 79' lang='lat' dir='ltr'>praebebant</span> <span class='ocrx_word' id='word_1_106' title='bbox 501 1807 648 1851; x_wconf 84' lang='lat' dir='ltr'>somnos:</span> <span class='ocrx_word' id='word_1_107' title='bbox 671 1786 727 1850; x_wconf 90' lang='lat' dir='ltr'>sed</span> <span class='ocrx_word' id='word_1_108' title='bbox 747 1787 893 1872; x_wconf 85' lang='lat' dir='ltr'>luppiter</span> <span class='ocrx_word' id='word_1_109' title='bbox 914 1811 1000 1875; x_wconf 84' lang='lat' dir='ltr'>unus</span> 
     </span>
     <span class='ocr_line' id='line_1_19' title="bbox 191 1869 761 1952; baseline 0.005 -20"><span class='ocrx_word' id='word_1_110' title='bbox 191 1869 342 1932; x_wconf 89' lang='lat' dir='ltr'>Decrevit</span> <span class='ocrx_word' id='word_1_111' title='bbox 363 1871 475 1952; x_wconf 86' lang='lat' dir='ltr'>poenis</span> <span class='ocrx_word' id='word_1_112' title='bbox 497 1871 564 1934; x_wconf 87' lang='lat' dir='ltr'>invi</span> <span class='ocrx_word' id='word_1_113' title='bbox 592 1871 665 1935; x_wconf 89' lang='lat' dir='ltr'>&#39;are</span> <span class='ocrx_word' id='word_1_114' title='bbox 687 1872 761 1935; x_wconf 92' lang='lat' dir='ltr'>tuis.</span> 
     </span>
     <span class='ocr_line' id='line_1_20' title="bbox 149 1954 1051 2044; baseline 0.007 -27"><span class='ocrx_word' id='word_1_115' title='bbox 149 1954 336 2018; x_wconf 76' lang='lat' dir='ltr'>Prodiderat</span> <span class='ocrx_word' id='word_1_116' title='bbox 350 1958 522 2039; x_wconf 86' lang='lat' dir='ltr'>portaeque</span> <span class='ocrx_word' id='word_1_117' title='bbox 544 1956 566 2018; x_wconf 86' lang='lat' dir='ltr'>fi</span> <span class='ocrx_word' id='word_1_118' title='bbox 590 1977 639 2018; x_wconf 91' lang='lat' dir='ltr'>em</span> <span class='ocrx_word' id='word_1_119' title='bbox 661 1956 860 2040; x_wconf 72' lang='lat' dir='ltr'>patriamque</span> <span class='ocrx_word' id='word_1_120' title='bbox 881 1957 1051 2044; x_wconf 87' lang='lat' dir='ltr'>iacentem,</span> 
     </span>
     <span class='ocr_line' id='line_1_21' title="bbox 191 2038 1037 2125; baseline 0.001 -22"><span class='ocrx_word' id='word_1_121' title='bbox 191 2038 403 2122; x_wconf 88' lang='lat' dir='ltr'>Nubendique</span> <span class='ocrx_word' id='word_1_122' title='bbox 425 2041 522 2124; x_wconf 86' lang='lat' dir='ltr'>petit,</span> <span class='ocrx_word' id='word_1_123' title='bbox 546 2061 639 2123; x_wconf 89' lang='lat' dir='ltr'>quem</span> <span class='ocrx_word' id='word_1_124' title='bbox 661 2041 740 2104; x_wconf 92' lang='lat' dir='ltr'>velit</span> <span class='ocrx_word' id='word_1_125' title='bbox 759 2042 844 2125; x_wconf 81' lang='lat' dir='ltr'>ipse,</span> <span class='ocrx_word' id='word_1_126' title='bbox 869 2041 964 2106; x_wconf 89' lang='lat' dir='ltr'>diem.</span> <span class='ocrx_word' id='word_1_127' title='bbox 1034 2099 1037 2104; x_wconf 91' lang='lat'>.</span> 
     </span>
     <span class='ocr_line' id='line_1_22' title="bbox 147 2123 1052 2208; baseline 0.008 -22"><span class='ocrx_word' id='word_1_128' title='bbox 147 2124 194 2186; x_wconf 89' lang='lat' dir='ltr'>At</span> <span class='ocrx_word' id='word_1_129' title='bbox 214 2123 325 2187; x_wconf 86' lang='lat' dir='ltr'>Tatius</span> <span class='ocrx_word' id='word_1_130' title='bbox 348 2125 464 2208; x_wconf 84' lang='lat' dir='ltr'>(neque</span> <span class='ocrx_word' id='word_1_131' title='bbox 493 2125 579 2187; x_wconf 90' lang='lat' dir='ltr'>enim</span> <span class='ocrx_word' id='word_1_132' title='bbox 607 2123 719 2189; x_wconf 89' lang='lat' dir='ltr'>sceleri</span> <span class='ocrx_word' id='word_1_133' title='bbox 746 2125 834 2189; x_wconf 87' lang='lat' dir='ltr'>dedit</span> <span class='ocrx_word' id='word_1_134' title='bbox 861 2125 965 2191; x_wconf 88' lang='lat' dir='ltr'>hostis</span> <span class='ocrx_word' id='word_1_135' title='bbox 994 2126 1052 2192; x_wconf 88' lang='lat' dir='ltr'>ho·</span> 
     </span>
     <span class='ocr_line' id='line_1_23' title="bbox 692 2230 803 2275; baseline 0 -2"><span class='ocrx_word' id='word_1_136' title='bbox 692 2230 803 2275; x_wconf 90' lang='lat' dir='ltr'>norem</span> 
     </span>
     <span class='ocr_line' id='line_1_24' title="bbox 99 2213 921 2376; baseline 0.006 -22"><span class='ocrx_word' id='word_1_137' title='bbox 99 2306 133 2354; x_wconf 78' lang='grc'>111</span> <span class='ocrx_word' id='word_1_138' title='bbox 191 2291 307 2357; x_wconf 81' lang='lat' dir='ltr'>‘Nube’</span> <span class='ocrx_word' id='word_1_139' title='bbox 332 2295 377 2356; x_wconf 92' lang='lat' dir='ltr'>ait</span> <span class='ocrx_word' id='word_1_140' title='bbox 400 2295 444 2356; x_wconf 77' lang='lat' dir='ltr'>‘et</span> <span class='ocrx_word' id='word_1_141' title='bbox 457 2293 548 2376; x_wconf 88' lang='lat' dir='ltr'>regni</span> <span class='ocrx_word' id='word_1_142' title='bbox 572 2293 688 2357; x_wconf 83' lang='lat' dir='ltr'>scande</span> <span class='ocrx_word' id='word_1_143' title='bbox 711 2213 818 2358; x_wconf 73' lang='lat' dir='ltr'>cubile)</span> <span class='ocrx_word' id='word_1_144' title='bbox 834 2295 921 2359; x_wconf 67' lang='lat' dir='ltr'>mei!</span> 
     </span>
     <span class='ocr_line' id='line_1_25' title="bbox 147 2377 1008 2462; baseline 0.007 -21"><span class='ocrx_word' id='word_1_145' title='bbox 147 2377 247 2458; x_wconf 83' lang='lat' dir='ltr'>Dixit,</span> <span class='ocrx_word' id='word_1_146' title='bbox 271 2380 303 2440; x_wconf 92' lang='lat' dir='ltr'>et</span> <span class='ocrx_word' id='word_1_147' title='bbox 323 2377 458 2461; x_wconf 86' lang='lat' dir='ltr'>ingestis</span> <span class='ocrx_word' id='word_1_148' title='bbox 481 2377 631 2440; x_wconf 91' lang='lat' dir='ltr'>comitum</span> <span class='ocrx_word' id='word_1_149' title='bbox 655 2400 750 2462; x_wconf 91' lang='lat' dir='ltr'>super</span> <span class='ocrx_word' id='word_1_150' title='bbox 771 2380 878 2443; x_wconf 94' lang='lat' dir='ltr'>obruit</span> <span class='ocrx_word' id='word_1_151' title='bbox 900 2380 1008 2448; x_wconf 87' lang='lat' dir='ltr'>armis.</span> 
     </span>
     <span class='ocr_line' id='line_1_26' title="bbox 192 2461 914 2547; baseline 0.006 -24"><span class='ocrx_word' id='word_1_152' title='bbox 192 2461 289 2542; x_wconf 91' lang='lat' dir='ltr'>Haec,</span> <span class='ocrx_word' id='word_1_153' title='bbox 312 2462 413 2545; x_wconf 86' lang='lat' dir='ltr'>virgo,</span> <span class='ocrx_word' id='word_1_154' title='bbox 437 2461 551 2524; x_wconf 88' lang='lat' dir='ltr'>officiis</span> <span class='ocrx_word' id='word_1_155' title='bbox 575 2461 632 2525; x_wconf 90' lang='lat' dir='ltr'>dos</span> <span class='ocrx_word' id='word_1_156' title='bbox 656 2465 724 2526; x_wconf 87' lang='lat' dir='ltr'>erat</span> <span class='ocrx_word' id='word_1_157' title='bbox 745 2467 819 2547; x_wconf 85' lang='lat' dir='ltr'>apta</span> <span class='ocrx_word' id='word_1_158' title='bbox 840 2465 914 2528; x_wconf 85' lang='lat' dir='ltr'>tuis.</span> 
     </span>
     <span class='ocr_line' id='line_1_27' title="bbox 148 2545 996 2633; baseline 0.006 -23"><span class='ocrx_word' id='word_1_159' title='bbox 148 2547 179 2610; x_wconf 88' lang='lat' dir='ltr'>A</span> <span class='ocrx_word' id='word_1_160' title='bbox 201 2546 279 2608; x_wconf 88' lang='lat' dir='ltr'>duce</span> <span class='ocrx_word' id='word_1_161' title='bbox 301 2545 437 2629; x_wconf 85' lang='lat' dir='ltr'>Tarpeia</span> <span class='ocrx_word' id='word_1_162' title='bbox 457 2566 551 2609; x_wconf 92' lang='lat' dir='ltr'>mons</span> <span class='ocrx_word' id='word_1_163' title='bbox 573 2550 623 2611; x_wconf 85' lang='lat' dir='ltr'>est</span> <span class='ocrx_word' id='word_1_164' title='bbox 645 2569 825 2632; x_wconf 85' lang='lat' dir='ltr'>cognomen</span> <span class='ocrx_word' id='word_1_165' title='bbox 847 2549 996 2633; x_wconf 82' lang='lat' dir='ltr'>adeptus:</span> 
     </span>
     <span class='ocr_line' id='line_1_28' title="bbox 88 2629 881 2714; baseline -0.003 -18"><span class='ocrx_word' id='word_1_166' title='bbox 88 2686 92 2696; x_wconf 93' lang='lat'>.</span> <span class='ocrx_word' id='word_1_167' title='bbox 190 2629 218 2695; x_wconf 89' lang='grc' dir='ltr'><strong>Ο</strong></span> <span class='ocrx_word' id='word_1_168' title='bbox 241 2630 332 2714; x_wconf 85' lang='lat' dir='ltr'>vigil,</span> <span class='ocrx_word' id='word_1_169' title='bbox 355 2630 474 2693; x_wconf 87' lang='lat' dir='ltr'>iniuste</span> <span class='ocrx_word' id='word_1_170' title='bbox 495 2632 636 2713; x_wconf 89' lang='lat' dir='ltr'>praemia</span> <span class='ocrx_word' id='word_1_171' title='bbox 658 2632 752 2696; x_wconf 88' lang='lat' dir='ltr'>sortis</span> <span class='ocrx_word' id='word_1_172' title='bbox 774 2632 881 2696; x_wconf 88' lang='lat' dir='ltr'>habes.</span> 
     </span>
    </p>
   </div>
   <div class='ocr_carea' id='block_1_4' title="bbox 489 2760 643 2770">
    <p class='ocr_par' dir='ltr' id='par_1_4' title="bbox 489 2760 643 2770">
     <span class='ocr_line' id='line_1_29' title="bbox 489 2760 643 2770; baseline 0.013 -2"><span class='ocrx_word' id='word_1_173' title='bbox 489 2760 643 2770; x_wconf 73' lang='lat'>——--</span> 
     </span>
    </p>
   </div>
   <div class='ocr_carea' id='block_1_5' title="bbox 540 2844 584 2920">
    <p class='ocr_par' dir='ltr' id='par_1_5' title="bbox 540 2844 584 2920">
     <span class='ocr_line' id='line_1_30' title="bbox 540 2844 584 2920; baseline 0.068 -3"><span class='ocrx_word' id='word_1_174' title='bbox 540 2844 584 2920; x_wconf 90' lang='lat' dir='ltr'>V.</span> 
     </span>
    </p>
   </div>
   <div class='ocr_carea' id='block_1_6' title="bbox 96 2968 1046 3646">
    <p class='ocr_par' dir='ltr' id='par_1_6' title="bbox 96 2968 1046 3646">
     <span class='ocr_line' id='line_1_31' title="bbox 148 2968 992 3058; baseline 0.006 -26"><span class='ocrx_word' id='word_1_175' title='bbox 148 2968 246 3032; x_wconf 84' lang='lat' dir='ltr'>Terra</span> <span class='ocrx_word' id='word_1_176' title='bbox 266 2972 358 3032; x_wconf 84' lang='lat' dir='ltr'>tuum</span> <span class='ocrx_word' id='word_1_177' title='bbox 380 2969 482 3053; x_wconf 83' lang='lat' dir='ltr'>spinis</span> <span class='ocrx_word' id='word_1_178' title='bbox 504 2969 649 3050; x_wconf 90' lang='lat' dir='ltr'>obducat,</span> <span class='ocrx_word' id='word_1_179' title='bbox 672 2969 754 3052; x_wconf 89' lang='lat' dir='ltr'>lena,</span> <span class='ocrx_word' id='word_1_180' title='bbox 779 2971 992 3058; x_wconf 84' lang='lat' dir='ltr'>sepulchrum,</span> 
     </span>
     <span class='ocr_line' id='line_1_32' title="bbox 96 3053 991 3142; baseline 0.007 -27"><span class='ocrx_word' id='word_1_181' title='bbox 96 3076 99 3082; x_wconf 90' lang='grc'><em>·</em></span> <span class='ocrx_word' id='word_1_182' title='bbox 190 3053 234 3116; x_wconf 87' lang='lat' dir='ltr'>Et</span> <span class='ocrx_word' id='word_1_183' title='bbox 255 3055 319 3135; x_wconf 89' lang='lat' dir='ltr'>tua,</span> <span class='ocrx_word' id='word_1_184' title='bbox 342 3053 427 3136; x_wconf 93' lang='lat' dir='ltr'>quod</span> <span class='ocrx_word' id='word_1_185' title='bbox 447 3076 514 3117; x_wconf 91' lang='lat' dir='ltr'>non</span> <span class='ocrx_word' id='word_1_186' title='bbox 541 3054 599 3135; x_wconf 89' lang='lat' dir='ltr'>vis,</span> <span class='ocrx_word' id='word_1_187' title='bbox 622 3055 739 3117; x_wconf 91' lang='lat' dir='ltr'>sentiat</span> <span class='ocrx_word' id='word_1_188' title='bbox 761 3056 872 3120; x_wconf 88' lang='lat' dir='ltr'>umbra</span> <span class='ocrx_word' id='word_1_189' title='bbox 893 3057 991 3142; x_wconf 89' lang='lat' dir='ltr'>sitim,</span> 
     </span>
     <span class='ocr_line' id='line_1_33' title="bbox 148 3136 972 3221; baseline 0.004 -19"><span class='ocrx_word' id='word_1_190' title='bbox 148 3136 217 3202; x_wconf 90' lang='lat' dir='ltr'>Nec</span> <span class='ocrx_word' id='word_1_191' title='bbox 240 3137 372 3201; x_wconf 88' lang='lat' dir='ltr'>sedeant</span> <span class='ocrx_word' id='word_1_192' title='bbox 394 3139 493 3202; x_wconf 89' lang='lat' dir='ltr'>cineri</span> <span class='ocrx_word' id='word_1_193' title='bbox 508 3137 630 3221; x_wconf 89' lang='lat' dir='ltr'>Manes,</span> <span class='ocrx_word' id='word_1_194' title='bbox 654 3144 686 3202; x_wconf 88' lang='lat' dir='ltr'>et</span> <span class='ocrx_word' id='word_1_195' title='bbox 709 3138 864 3204; x_wconf 79' lang='lat' dir='ltr'>Cerberus</span> <span class='ocrx_word' id='word_1_196' title='bbox 885 3142 972 3205; x_wconf 90' lang='lat' dir='ltr'>ultor</span> 
     </span>
     <span class='ocr_line' id='line_1_34' title="bbox 189 3221 779 3306; baseline 0.003 -21"><span class='ocrx_word' id='word_1_197' title='bbox 189 3221 308 3306; x_wconf 79' lang='lat' dir='ltr'>Turpia</span> <span class='ocrx_word' id='word_1_198' title='bbox 329 3223 435 3286; x_wconf 89' lang='lat' dir='ltr'>ieiuno</span> <span class='ocrx_word' id='word_1_199' title='bbox 457 3225 575 3286; x_wconf 85' lang='lat' dir='ltr'>terreat</span> <span class='ocrx_word' id='word_1_200' title='bbox 591 3243 668 3300; x_wconf 56' lang='lat' dir='ltr'>⁴ossa</span> <span class='ocrx_word' id='word_1_201' title='bbox 690 3244 779 3287; x_wconf 90' lang='lat' dir='ltr'>sono.</span> 
     </span>
     <span class='ocr_line' id='line_1_35' title="bbox 119 3305 1046 3397; baseline 0.008 -28"><span class='ocrx_word' id='word_1_202' title='bbox 119 3305 255 3370; x_wconf 57' lang='lat' dir='ltr'>&amp;Docta</span> <span class='ocrx_word' id='word_1_203' title='bbox 276 3308 326 3370; x_wconf 91' lang='lat' dir='ltr'>vel</span> <span class='ocrx_word' id='word_1_204' title='bbox 348 3306 560 3390; x_wconf 85' lang='lat' dir='ltr'>Hippolytum</span> <span class='ocrx_word' id='word_1_205' title='bbox 575 3307 695 3371; x_wconf 87' lang='lat' dir='ltr'>Veneri</span> <span class='ocrx_word' id='word_1_206' title='bbox 716 3309 841 3373; x_wconf 88' lang='lat' dir='ltr'>mollire</span> <span class='ocrx_word' id='word_1_207' title='bbox 862 3314 1046 3397; x_wconf 84' lang='lat' dir='ltr'>negantem,</span> 
     </span>
     <span class='ocr_line' id='line_1_36' title="bbox 192 3389 918 3478; baseline 0.006 -24"><span class='ocrx_word' id='word_1_208' title='bbox 192 3389 413 3473; x_wconf 79' lang='lat' dir='ltr'>Concordique</span> <span class='ocrx_word' id='word_1_209' title='bbox 436 3398 508 3455; x_wconf 86' lang='lat' dir='ltr'>toro</span> <span class='ocrx_word' id='word_1_210' title='bbox 530 3392 668 3476; x_wconf 88' lang='lat' dir='ltr'>pessima</span> <span class='ocrx_word' id='word_1_211' title='bbox 690 3414 815 3477; x_wconf 85' lang='lat' dir='ltr'>semper</span> <span class='ocrx_word' id='word_1_212' title='bbox 835 3395 918 3478; x_wconf 86' lang='lat' dir='ltr'>avis,</span> 
     </span>
     <span class='ocr_line' id='line_1_37' title="bbox 147 3474 920 3561; baseline 0.005 -21"><span class='ocrx_word' id='word_1_213' title='bbox 147 3474 333 3558; x_wconf 87' lang='lat' dir='ltr'>Penelopen</span> <span class='ocrx_word' id='word_1_214' title='bbox 355 3496 480 3558; x_wconf 92' lang='lat' dir='ltr'>quoque</span> <span class='ocrx_word' id='word_1_215' title='bbox 501 3477 650 3561; x_wconf 86' lang='lat' dir='ltr'>neglecto</span> <span class='ocrx_word' id='word_1_216' title='bbox 665 3498 791 3541; x_wconf 89' lang='lat' dir='ltr'>rumore</span> <span class='ocrx_word' id='word_1_217' title='bbox 813 3480 920 3544; x_wconf 89' lang='lat' dir='ltr'>mariti</span> 
     </span>
     <span class='ocr_line' id='line_1_38' title="bbox 191 3558 787 3646; baseline 0.005 -22"><span class='ocrx_word' id='word_1_218' title='bbox 191 3559 319 3626; x_wconf 86' lang='lat' dir='ltr'>Nubere</span> <span class='ocrx_word' id='word_1_219' title='bbox 341 3558 460 3624; x_wconf 85' lang='lat' dir='ltr'>lascivo</span> <span class='ocrx_word' id='word_1_220' title='bbox 483 3565 613 3646; x_wconf 86' lang='lat' dir='ltr'>cogeret</span> <span class='ocrx_word' id='word_1_221' title='bbox 634 3562 787 3627; x_wconf 88' lang='lat' dir='ltr'>Antinoo.</span> 
     </span>
    </p>
   </div>
   <div class='ocr_carea' id='block_1_7' title="bbox 0 0 1200 3990">
    <p class='ocr_par' dir='ltr' id='par_1_7' title="bbox 0 0 1200 3990">
     <span class='ocr_line' id='line_1_39' title="bbox 0 0 1200 3990; baseline 0 3"><span class='ocrx_word' id='word_1_222' title='bbox 0 0 1200 3990; x_wconf 95' lang='lat' dir='ltr'> </span> 
     </span>
    </p>
   </div>
  </div>
 </body>
</html>
