2392 3990
119 219 160 283 64
506 225 700 283 Paoruaru
1053 219 1075 294 [

182 389 312 454 Idaeum
335 389 498 455 Simoenta
519 389 605 454 Iovis
628 411 701 455 cum
721 390 811 474 prole
834 387 1040 469 Scamandro,

225 474 365 539 Hectora
385 497 442 558 per
464 495 594 558 campos
615 478 665 539 ter
686 474 862 539 maculasse
883 472 992 536 rotas?

183 558 448 643 Deiphobumque
463 559 684 643 Helenumque
706 562 739 623 et
752 558 984 656 Polydamanta
999 559 1030 621 et
1050 555 1069 618 i

728 665 824 708 armis

134 741 168 789 ao
226 727 493 813 Qualemcumque
514 728 613 794 Parin
634 729 687 792 vix
709 751 766 792 sua
786 730 897 792 nosset
918 726 1041 791 humus.

184 812 311 897 Exiguo
334 836 479 878 sermone
500 814 587 878 fores
609 834 710 895 nunc,
734 812 819 877 Ilion
860 818 892 876 et
913 814 949 875 tu

228 897 323 962 Troia
344 899 394 962 bis
416 899 528 964 Oetaei
549 899 679 961 numine
703 901 795 980 capta
817 863 877 961 dei.

186 980 341 1047 Necnon
363 984 417 1047 ille
439 984 486 1047 tui
509 1004 600 1047 casus
622 986 814 1046 memorator
836 980 996 1046 Homerus

228 1066 418 1131 Posteritate
441 1090 532 1131 suum
558 1088 698 1131 crescere
721 1066 821 1131 sensit
841 1088 932 1149 opus.

137 1163 170 1212 35
186 1151 300 1235 Meque
323 1153 408 1216 inter
431 1173 518 1216 seros
540 1151 683 1215 laudabit
704 1150 808 1216 Roma
828 1153 977 1235 nepotes:

228 1235 324 1300 Illum
345 1239 418 1319 post
440 1238 561 1300 cineres
583 1256 723 1320 auguror
744 1236 813 1319 ipse
835 1235 928 1299 diem.

186 1319 236 1385 Ne
258 1343 329 1384 mea
351 1324 533 1405 contempto
556 1321 638 1404 lapis
659 1320 779 1384 indicet
801 1342 874 1384 ossa
895 1321 1057 1404 sepulum,

229 1403 428 1469 Provisumst
449 1405 546 1489 Lycio
569 1409 644 1468 vota
665 1405 820 1489 probante
843 1405 912 1468 deo

188 1487 345 1554 Carminis
367 1491 489 1553 interea
509 1490 613 1553 nostri
633 1489 798 1553 redeamus
820 1489 854 1552 iu
877 1489 1003 1566 orbem,

137 1586 171 1633 40
229 1573 373 1638 Gaudeat
394 1574 429 1637 in
450 1574 545 1637 solito
567 1577 653 1637 tacta
674 1575 780 1658 puella
803 1595 892 1639 sono.

92 1693 96 1704 ·
189 1657 316 1741 Orphea
338 1659 494 1723 delenisse
515 1658 599 1722 feras
622 1660 654 1722 et
676 1660 802 1722 concita
824 1658 935 1723 dicunt

179 1808 180 1811 ,
231 1742 379 1806 Flumina
400 1742 548 1807 Threicia
570 1743 758 1809 sustinuisse
780 1744 863 1826 lyra:

189 1826 271 1890 Saxa
293 1825 494 1892 Cithaeronis
516 1827 642 1891 Thebas
664 1829 786 1911 agitata
807 1851 863 1911 per
885 1831 985 1892 artem

193 1968 196 1975 ,
231 1911 352 1995 Sponte
375 1933 431 1975 sua
452 1913 486 1975 in
508 1912 591 1975 muri
613 1913 755 1975 membra
780 1914 880 1976 coisse
902 1913 1025 1976 ferunt:

138 2011 172 2056 45
188 1996 273 2071 Quin
288 1997 398 2080 etiam,
413 1996 624 2081 Polypheme,
640 1997 709 2061 fera
724 1996 859 2061 Galatea
873 1997 931 2060 sub
946 1999 1053 2061 Aetna
1072 2015 1075 2054 l

232 2081 284 2145 Ad
305 2085 362 2146 tua
382 2085 528 2146 rorantes
551 2081 693 2146 carmina
714 2081 802 2145 flexit
824 2102 935 2164 equos:

189 2165 355 2250 Miremur,
377 2166 471 2230 nobis
495 2170 526 2229 et
547 2165 674 2230 Baccho
699 2171 730 2229 et
744 2166 896 2250 Apolline
919 2166 1046 2249 dextro,

231 2250 338 2314 Turba
359 2251 536 2335 puellarum
560 2251 586 2313 s'i
608 2272 679 2313 mea
700 2251 796 2314 verba
818 2249 916 2315 colit?

189 2334 281 2409 Quod
305 2357 373 2399 non
394 2333 558 2398 Taenariis
577 2334 689 2398 domus
716 2339 765 2482 ept
789 2333 868 2432 mihi
893 2334 976 2398 fulta
998 2337 1048 2400 oo-

746 2441 850 2482 umms

138 2517 173 2563 so
231 2502 299 2567 Nec
322 2525 446 2568 camera
468 2506 593 2568 auratas
616 2504 700 2567 inter
721 2504 840 2567 eburna
856 2468 983 2587 trabes,
1058 2519 1075 2566 1ῑ

189 2587 257 2652 Nec
278 2611 349 2652 mea
370 2587 530 2653 Phaeacas
553 2592 690 2671 aequant
711 2590 852 2671 pomaria
879 2589 991 2672 silvas,

232 2672 307 2736 Non
330 2694 464 2757 operosa
485 2674 569 2757 rigat
591 2673 729 2736 Marcius
752 2677 842 2736 antra
864 2673 982 2758 liquor,

190 2761 235 2820 At
256 2756 366 2822 Musae
389 2757 521 2821 comites
544 2761 577 2821 et
599 2758 740 2821 carmina
762 2779 834 2820 cara
854 2757 991 2842 legenti,

231 2840 275 2905 Et
297 2842 420 2906 defessa
442 2841 547 2906 choris
570 2841 734 2925 Calliopea
756 2843 846 2906 meis.

140 2939 172 2986 55
189 2925 378 3009 Fortunata,
401 2949 472 2990 meo
495 2928 586 3010 siqua
608 2949 641 2990 es
664 2927 822 2989 celebrata
843 2926 966 2990 libello!
1058 2944 1075 2989 1¹

233 3009 382 3075 Carmina
404 3016 497 3075 erunt
517 3012 638 3075 formae
661 3014 710 3073 tot
731 3012 928 3074 monimenta
948 3015 1032 3077 tuae.

86 3163 92 3174 ,
189 3095 274 3159 Nam
288 3118 390 3180 neque
404 3097 604 3179 pyramidum
619 3098 763 3178 sumptus
779 3096 819 3158 ad
834 3095 937 3159 sidera
957 3095 1059 3181 ducti,

232 3180 301 3245 Nec
323 3181 408 3244 Iovis
430 3181 503 3244 Elei
524 3181 646 3244 caelum
667 3180 792 3243 imitata
814 3181 941 3263 domus,

190 3263 258 3329 Nec
280 3264 435 3328 Mausolei
458 3264 544 3328 dives
566 3265 695 3328 fortuna
717 3264 876 3347 sepulchri

140 3361 175 3410 oo
231 3348 345 3413 Mortis
367 3350 407 3413 ab
430 3353 570 3413 extrema
595 3349 782 3413 condicione
804 3354 927 3413 vacant.
1056 3365 1075 3412 a

190 3434 257 3498 Aut
279 3434 343 3497 illis
364 3434 492 3497 flamma
514 3437 569 3496 aut
590 3434 692 3497 imber
714 3433 867 3498 subducet
888 3434 1040 3518 honores,

233 3521 400 3583 Annorum
422 3525 477 3582 aut
498 3519 563 3584 ictu
585 3517 725 3601 pondera
746 3519 831 3581 victa
851 3526 953 3584 ruent
