2392 3990
14 3644 80 3764 ἱ

120 227 158 290 12
499 234 692 289 moenam
1008 235 1083 306 [vn

180 392 268 470 Quae
289 398 403 460 mulier
424 397 537 460 rabida
558 396 656 461 iactat
677 399 821 462 convicia
842 398 968 482 lingua,

221 479 266 543 Et
286 480 420 544 Veneris
442 503 577 565 magnae
599 482 737 547 volvitur
761 485 835 546 ante
856 482 963 566 pedes,

181 562 358 628 Custodum
379 566 532 650 gregibus
556 566 639 630 eirea
661 589 716 631 seu
738 569 837 651 stipat
858 569 1002 645 euntem,

223 647 285 713 Seu
308 649 450 732 sequitur
471 650 607 733 medias,
629 650 760 714 Maenas
782 655 818 714 ut
839 651 918 723 iota,
941 651 1030 734 vias,

133 746 164 794 15
180 733 242 796 Seu
264 734 409 797 timidam
432 736 541 798 erebro
565 735 725 799 dementia
746 736 870 798 somnia
890 737 1029 817 terrent,

223 816 286 882 Seu
306 819 454 882 miseram
476 820 511 883 in
531 819 641 882 tabula
662 821 750 903 pieta
771 820 877 903 puella
897 822 1017 903 movet3

179 901 240 966 His
263 924 324 988 ego
346 904 514 967 tormentis
536 904 634 967 animi
656 926 840 967 sumverus
866 925 1018 986 aruspex,

222 986 290 1051 Has
313 988 410 1051 didici
433 992 519 1052 eerto
542 1010 637 1071 saepe
659 988 694 1051 in
716 1010 823 1052 amore
844 990 948 1052 notas.

182 1071 258 1135 Non
281 1076 330 1136 est
351 1076 436 1136 certa
458 1072 552 1154 fides,
576 1094 671 1155 quam
692 1095 759 1136 non
780 1072 896 1136 iniuria
917 1073 1040 1135 versat:

132 1169 164 1213 ‘20
221 1154 378 1220 Hostibus
402 1159 527 1220 eveniat
547 1157 635 1220 lenta
656 1158 763 1240 puella
783 1157 871 1220 meis

181 1240 326 1304 lnmorso
350 1241 496 1323 aequales
517 1241 647 1304 videant
667 1263 739 1305 mea
760 1242 891 1305 vulnera
912 1240 1012 1304 collo:

224 1324 277 1388 Me
299 1324 411 1389 doceat
433 1327 514 1389 livor
535 1347 660 1389 meeum
682 1325 830 1390 habuisse
852 1347 964 1388 meam.

184 1411 252 1472 Aut
273 1410 307 1473 in
329 1430 436 1473 amore
459 1410 565 1473 dolere
587 1411 660 1474 volo
684 1413 738 1472 aut
759 1410 868 1474 audire
891 1409 1069 1491 dolentem,

224 1493 297 1558 Sive
318 1516 405 1558 meas
427 1495 574 1557 lacrimas
596 1495 662 1558 sive
684 1494 790 1616 videre
812 1497 894 1558 tuae.

470 1579 488 1616 *

134 1677 166 1724 25
182 1662 281 1726 Tecta
302 1663 480 1746 superciliis
503 1664 530 1727 si
552 1626 678 1745 qutlndo
701 1663 798 1726 verba
818 1663 970 1746 remittis,

225 1748 291 1810 Aut
312 1750 368 1809 tua
390 1769 461 1810 oum
483 1746 594 1832 digitis
617 1749 735 1830 scripta
757 1748 880 1811 silenda
900 1751 1005 1811 notas.

183 1831 245 1895 Odi
261 1852 331 1914 eg0,
349 1853 421 1895 eum
435 1853 609 1915 numquam
623 1836 773 1916 pungunt
787 1833 922 1914 suspiria
936 1852 1084 1896 somnos:

226 1915 357 1998 Semper
378 1917 413 1979 111
435 1917 516 1979 irata
560 1917 674 1979 allidus
697 1937 765 1980 esse
788 1916 895 1980 velim.

183 2000 316 2064 Dulcior
336 2000 422 2084 ignis
444 2005 513 2064 erat
534 1939 655 2080 laridi,
679 2023 751 2065 oum
774 1999 870 2065 Graia
890 2022 948 2084 per
969 2022 1059 2064 arma

135 2099 167 2146 30
225 2084 399 2168 'tyndaridi
421 2090 548 2168 poterat
568 2086 685 2169 gaudia
706 2085 789 2148 ferre
811 2107 896 2152 suae.

183 2168 270 2232 Dum
285 2170 418 2233 vineunt
432 2169 550 2250 Danai,
575 2170 651 2232 dum
665 2173 765 2233 restat
779 2169 932 2233 barbarus
947 2167 1085 2252 Hector,

224 2253 284 2318 Ille
306 2253 448 2318 Helenae
470 2255 505 2318 111
526 2255 648 2338 gremio
672 2255 810 2317 maxima
832 2253 916 2317 bella
937 2255 1030 2337 gerit.

183 2340 249 2402 Aut
269 2342 376 2402 tecum
398 2341 453 2401 aut
474 2360 531 2420 pro
554 2341 587 2401 te
607 2337 687 2400 mihi
709 2360 781 2401 oum
802 2338 954 2401 rivalibus
977 2359 1068 2400 arma

228 2420 361 2505 Semper
383 2425 490 2486 erunt:
513 2422 547 2484 in
568 2425 601 2485 te
622 2443 686 2505 pax
707 2421 787 2484 mihi
808 2422 897 2485 nulla
918 2422 1032 2504 placet.

137 2520 167 2569 35
185 2506 310 2587 Gaude,
334 2506 419 2589 quod
440 2507 560 2570 nullast
581 2528 680 2589 aeque
701 2507 856 2569 formosa:
884 2506 1022 2588 doleres,

228 2589 327 2672 Siqua
347 2591 447 2655 soret:
469 2611 555 2655 nune
576 2591 620 2654 sis
642 2591 710 2653 iure
732 2590 868 2673 superba
889 2590 972 2654 licet.

185 2676 232 2738 At
252 2674 326 2752 tibi,
350 2676 404 2757 qui
427 2679 537 2738 nostro
559 2675 675 2738 nexisti
698 2675 778 2738 retia
799 2675 882 2738 lecto
888 2723 898 2756 ,

228 2758 278 2823 Sit
299 2780 390 2824 soeer
412 2764 576 2823 aeternum
597 2781 657 2823 neo
680 2760 748 2822 sine
770 2762 871 2822 matre
894 2758 1017 2823 domus.

188 2844 248 2909 Cui
270 2864 356 2908 nuno
378 2845 468 2928 siqua
490 2844 595 2907 datast
615 2843 768 2907 furandae
790 2843 883 2925 eopia
903 2843 1022 2926 noetis,

139 2943 171 2990 ro
229 2929 359 2994 Offensa
377 2929 432 2992 illa
454 2929 549 3012 mihi,
570 2951 638 2992 non
659 2928 720 2991 tibi
741 2927 857 3010 amica,
880 2927 976 2991 dedit.

530 3059 682 3067 ———-

478 3142 565 3214 vm
590 3137 733 3242 [111111

190 3267 375 3349 lllaeoenas,
398 3287 494 3348 eques
516 3264 652 3328 Etrusco
676 3264 715 3328 de
737 3263 892 3349 sanguine
913 3286 1042 3349 regum,

230 3352 319 3415 Intra
341 3352 504 3414 fortunam
526 3349 580 3432 qui
603 3349 692 3432 cupis
715 3370 784 3413 esse
805 3353 908 3431 tuam,

190 3437 272 3512 Quid
288 3457 338 3498 me
354 3433 513 3498 scribendi
528 3436 594 3497 tam
609 3437 732 3497 vastum
748 3433 850 3497 mittis
864 3433 900 3496 in
914 3433 1054 3517 aequor?

231 3520 307 3585 Non
330 3527 406 3582 sunt
428 3521 503 3602 apta
524 3539 612 3581 meae
633 3517 768 3603 grandia
791 3518 860 3580 vela
881 3517 952 3580 rati
