2392 3990
113 241 156 306 34
500 242 693 299 eaorrrru
1038 237 1067 312 [1

128 423 161 471 25
176 409 328 474 Nondum
350 408 468 472 etenim
489 407 646 471 Ascraeos
667 408 792 552 norpntt
808 424 879 467 mea
901 400 1040 464 carmina

735 509 777 552 on
793 509 841 569 es,

222 575 285 642 Sed
306 576 401 639 modo
423 575 581 640 Permessi
602 575 732 639 flumine
754 573 832 636 lavit
853 574 965 635 Amor.

519 703 671 714 ——.--·-·

515 789 724 951 H[Xl].*
792 800 794 805 ’

460 914 479 953 *

181 999 328 1064 Scribant
350 999 388 1063 de
409 1002 442 1063 te
464 999 519 1062 alii
539 961 602 1061 vel
613 999 657 1061 sis
678 998 791 1082 ignota
811 994 935 1059 licebit:

222 1083 359 1166 Laudat,
382 1084 436 1166 qui
457 1083 558 1147 sterili
580 1083 702 1146 semina
722 1081 816 1165 ponit
835 1079 943 1143 humo.

182 1167 312 1250 Omnia,
336 1168 428 1231 crede
449 1167 543 1249 mihi,
566 1188 672 1230 secum
694 1187 758 1228 uno
779 1185 911 1228 munera
932 1163 1017 1226 lecto

223 1253 356 1316 Auferet
377 1252 510 1315 extremi
531 1251 652 1315 funeris
674 1253 743 1314 atra
764 1249 845 1313 dies:

154 1337 229 1402 snt
248 1340 304 1400 tua
324 1337 474 1400 transibit
495 1338 701 1400 contemnens
723 1355 797 1398 ossa
818 1333 936 1412 viator,

223 1421 293 1487 Nec
315 1420 400 1486 dicet
421 1421 518 1486 ‘cinis
540 1420 593 1484 hic
615 1420 709 1484 docta
729 1418 836 1502 puella
855 1416 939 1479 fuit’

503 1634 557 1706 m
584 1635 691 1728 [rur.

183 1757 380 1841 Quicumque
401 1758 456 1822 ille
476 1758 547 1840 fuit,
567 1780 700 1841 puerum
720 1758 774 1841 qui
795 1754 900 1840 pinxit
913 1756 1068 1818 Amorem

224 1842 341 1907 Nonne
362 1845 455 1926 putas
477 1842 573 1906 miras
594 1841 680 1906 hunc
700 1842 849 1906 habuisse
871 1837 1007 1902 manus?

182 1927 245 1991 Hic
266 1927 406 2010 primum
427 1927 507 1990 vidit
528 1928 596 1991 sine
619 1948 714 1990 sensu
734 1927 840 1990 rivere
862 1927 1006 1987 amantes

224 2010 269 2074 Et
290 2012 412 2075 levibus
435 2013 518 2076 curis
538 2034 657 2096 magna
677 2012 780 2095 perire
802 2010 897 2074 bona.

155 2094 274 2159 tldem
296 2116 363 2160 non
384 2097 503 2160 frustra
523 2101 671 2160 ventosas
693 2096 816 2159 addidit
836 2094 918 2175 alas,

225 2179 314 2245 Fecit
336 2183 368 2244 et
388 2180 528 2245 humano
552 2181 645 2245 corde
668 2181 775 2244 volare
797 2179 906 2262 deum;

184 2262 314 2329 Scilicet
336 2265 459 2328 alterna
480 2266 630 2348 quoniam
651 2265 807 2328 iactamur
827 2263 862 2325 in
883 2261 983 2336 unda,

225 2346 406 2430 Nostraque
427 2370 495 2412 non
515 2349 589 2412 ullis
610 2352 776 2432 permanet
797 2369 873 2410 aure
894 2346 988 2410 locis:

184 2431 228 2496 Et
249 2433 362 2495 merito
383 2431 521 2496 hamatis
543 2454 656 2497 manus
679 2437 728 2496 est
749 2435 869 2495 armata
891 2429 1032 2514 sagittis,

139 2530 169 2578 ιο
225 2515 269 2579 Et
289 2515 439 2598 pharetra
461 2538 499 2580 ex
519 2539 628 2581 umero
645 2515 765 2581 Gnosia
786 2520 921 2598 utroque
942 2514 1039 2598 iacet3

184 2601 270 2663 Ante
292 2601 367 2662 t'erit
385 2602 543 2683 quoniam,
566 2603 627 2665 tuti
650 2623 744 2684 quam
766 2601 923 2665 cernimus
945 2597 1068 2662 hostem

226 2683 295 2748 Neo
317 2685 484 2768 quisquam
505 2707 543 2748 ex
565 2686 620 2749 illo
643 2687 772 2749 volnere
794 2706 890 2748 sanus
912 2682 988 2746 abit.

185 2767 225 2832 ln
245 2790 297 2832 me
318 2769 383 2832 tela
403 2775 549 2852 manent,
572 2781 680 2833 manet
702 2774 735 2833 et
755 2769 887 2853 puerilis
909 2768 1033 2851 imago:

229 2852 291 2918 Sed
314 2857 398 2918 certe
418 2875 540 2937 pennas
562 2854 700 2936 perdidit
721 2855 776 2918 ille
798 2875 885 2937 suas;

141 2951 170 3000 15
184 2937 300 3002 Evolat
314 2937 377 3002 heu
389 2942 501 3023 nostro
517 2940 666 3021 quoniam
682 2938 720 3002 de
740 2942 869 3022 pectore
883 2957 1041 3020 nusquam

228 3022 451 3106 Adsiduusque
473 3044 543 3086 meo
566 3023 721 3106 sanguine
743 3024 827 3086 bella
848 3022 939 3106 gerit.

187 3106 248 3180 Qui
270 3106 330 3170 tibi
351 3107 555 3171 iocundnmst
576 3107 668 3170 siccis
690 3107 834 3170 habitare
856 3104 1025 3170 medullis?

229 3190 245 3254 Ι
266 3212 358 3274 puer,
382 3213 437 3275 en,
460 3192 523 3254 alio
545 3192 643 3255 traice
664 3192 729 3255 tela
750 3194 818 3254 tua!

186 3274 328 3338 Intactos
350 3277 413 3340 isto
435 3277 533 3339 satius
555 3279 711 3359 temptare
733 3295 871 3338 veneno:
949 3296 960 3349 ι

139 3373 171 3420 20
227 3358 304 3423 Non
326 3380 385 3444 ego
391 3410 400 3441 ‚
423 3359 479 3424 sed
500 3361 605 3424 tenuis
627 3361 756 3443 vapulat
776 3360 889 3422 umbra
908 3379 989 3421 mea.

188 3443 290 3520 Quam
311 3442 339 3506 si
360 3444 549 3526 perdideris,
573 3445 643 3527 quis
665 3446 725 3508 erit
747 3444 801 3526 qui
822 3443 899 3506 talia
921 3445 1028 3505 cantet

231 3528 334 3610 (Haec
355 3550 426 3592 mea
447 3528 540 3593 Musa
560 3528 639 3593 levis
660 3529 764 3612 gloria
784 3549 903 3612 magna
923 3529 1041 3608 tuest),
