2392 3990
253 666 415 770 SEX.
454 669 910 770 PROPERTII

426 837 737 915 nnnsnavn

366 1026 508 1087 LIBER
536 1025 791 1088 SECVNDVS.

565 1247 594 1320 Ι.

165 1349 343 1450 Quaeritis,
359 1361 443 1426 unde
457 1360 536 1425 mihi
551 1361 670 1426 totiens
686 1361 865 1426 scribantur
880 1384 1013 1447 amoma,

207 1446 300 1512 Vnde
321 1469 410 1511 meus
433 1446 539 1509 veniat
559 1446 665 1509 mollis
687 1447 722 1509 in
744 1468 800 1510 ora
821 1447 911 1512 liber.

165 1531 240 1599 Non
255 1532 335 1596 haec
351 1530 504 1614 Calliope,
520 1552 587 1593 non
601 1530 680 1595 haec
695 1531 774 1594 mihi
790 1535 899 1595 cantat
912 1533 1044 1616 Apollo,

207 1616 377 1701 Ingenium
398 1614 492 1678 nobis
514 1615 584 1762 ipsa
604 1615 711 1698 puella
731 1616 818 1681 facit.

137 1701 242 1767 ssive
264 1701 350 1783 lyrae
373 1721 502 1765 carmen
544 1699 633 1783 igitis
654 1702 812 1784 percussit
834 1701 977 1784 eburnis,
1050 1716 1067 1764 9

208 1785 363 1849 Miramur
399 1783 510 1848 faciles
531 1787 568 1848 ut
588 1787 713 1867 premat
734 1788 801 1848 arte
823 1807 951 1849 manus:
1035 1800 1069 1848 10

167 1870 229 1936 Seu
252 1867 317 1932 vidi
339 1834 381 1932 ad
401 1869 542 1933 frontem
565 1888 692 1951 sparsos
716 1882 819 1932 errare
842 1870 990 1953 capillOS,
1052 1884 1067 1931 '1

209 1953 334 2019 Gaudet
354 1952 490 2017 laudatis
512 1953 558 2016 ire
580 1953 716 2036 superba
737 1955 853 2017 comis:
1051 1966 1069 2017 8

167 2038 240 2104 Sive
261 2039 350 2101 illam
373 2037 448 2104 Cois
470 2037 649 2121 fulgentem
670 2036 816 2100 incedere
839 2039 957 2121 coccis,
1051 2055 1068 2100 o

119 2138 151 2187 10
207 2123 279 2187 Hoc
300 2127 405 2187 totum
427 2143 444 2186 e
466 2120 535 2187 Coa
555 2126 643 2185 veste
664 2121 814 2185 volumen
836 2124 910 2187 erit:
1052 2138 1069 2186 o

167 2208 229 2274 Seu
252 2229 324 2272 omn
345 2209 513 2291 poscentes
537 2227 684 2269 somnum
707 2204 846 2270 declinat
867 2208 1002 2291 ocellos,

209 2290 343 2356 Invenio
367 2311 476 2354 causas
498 2288 587 2353 mille
607 2293 703 2372 poeta
723 2310 838 2354 novas:

168 2376 231 2442 Seu
251 2376 337 2439 nuda
359 2378 467 2457 erepto
489 2394 614 2437 mecum
636 2372 775 2437 luctatur
796 2374 929 2459 amictu,

209 2460 291 2524 Tum
312 2481 386 2523 vero
409 2459 522 2542 longas
545 2457 710 2522 condimus
731 2457 862 2524 Iliadas:

122 2561 153 2610 15
170 2545 233 2612 Seu
255 2543 405 2628 quicquid
427 2543 505 2606 fecit
526 2542 625 2605 sivest
646 2542 866 2627 quodcumque
888 2545 1009 2628 locuta,

210 2628 351 2694 Maxima
372 2626 411 2690 de
433 2625 534 2690 nihilo
556 2627 698 2690 nascitur
718 2626 862 2693 historia.

168 2713 261 2792 Quod
282 2711 362 2776 mihi
384 2710 412 2774 si
432 2709 777 2796 tantum,'Maecenas,
799 2712 868 2776 fata
890 2712 1069 2802 dedissent,

210 2797 256 2863 Vt
277 2818 405 2881 possem
425 2793 540 2859 heroas
562 2794 675 2859 ducere
696 2795 730 2859 in
753 2818 841 2859 arma
862 2820 990 2878 manus,

168 2882 244 2949 Non
267 2903 327 2966 ego
351 2881 480 2944 Titanas
503 2881 673 2961 canerem,
686 2901 753 2943 non
776 2880 879 2945 Ossan
903 2882 1041 2966 Olympo

119 2982 153 3032 20
210 2965 402 3050 Inpositam,
425 2968 461 3028 ut
483 2965 560 3028 caeli
581 2963 695 3027 Pelion
716 2969 801 3028 esset
821 2966 897 3048 iter,

168 3051 244 3118 Non
259 3054 381 3115 veteres
397 3048 532 3131 Thebae,
547 3068 606 3110 nec
620 3047 777 3131 Pergama
790 3070 909 3112 nomen
922 3049 1068 3139 Homeri,

211 3135 324 3200 Xerxis
348 3140 379 3198 et
401 3136 445 3197 im
469 3133 534 3196 erio
556 3131 632 3194 bina
654 3132 755 3197 coisse
776 3133 871 3215 vada,

168 3219 215 3286 Re
240 3241 319 3284 nave
334 3221 437 3303 prima
478 3216 540 3280 emi
555 3218 610 3278 aut
624 3216 747 3280 animos
759 3216 961 3300 Carthaginis
974 3220 1068 3306 altae,

212 3243 475 3386 &Imbrornmque
497 3301 600 3364 minas
623 3304 655 3363 et
676 3300 842 3365 benefacta
864 3300 961 3366 Mari:

119 3402 153 3452 25
167 3388 319 3472 Bellaque
341 3408 453 3470 resque
475 3385 522 3448 tni
543 3405 752 3448 memorarem
774 3383 934 3468 Caesaris,
957 3391 989 3451 et
1009 3393 1047 3454 tu

211 3472 347 3541 (laesere
370 3472 429 3536 sub
450 3488 568 3554 magno
591 3488 666 3532 cura
688 3469 826 3533 secumda
846 3470 939 3536 fores.
