2392 3990
112 237 205 308 11111]
503 239 611 294 ursus
632 241 681 295 111.
1031 234 1071 297 51

144 400 259 465 oNanr
279 423 350 464 mea
367 411 443 467 ‘cum
457 402 585 484 recitat,
607 403 685 467 dicit
705 423 738 466 se
753 401 856 466 odisse
870 401 996 466 beatos:
1040 412 1072 461 25

216 483 366 559 Carmina
387 489 463 554 tam,
477 491 586 551 sancte
608 487 696 550 nulla
718 487 826 570 puella
848 486 934 550 colit.

173 568 311 633 Multum
339 571 374 634 in
401 592 509 635 amore
537 571 632 651 fides,
664 571 802 719 1111111111
830 571 1010 635 constantia

740 677 776 720 ro
800 658 863 720 est:

218 738 369 814 Qui-dare
384 739 485 803 multa
499 742 615 823 potest,
630 678 780 804 1111111111
794 761 900 804 amare
914 741 1030 824 1101111.
1077 777 1082 786 .

175 823 238 888 Seu
259 846 345 887 mare
366 846 424 907 per
445 825 580 909 longum
601 845 672 888 mea
694 823 816 910 cogitet
835 825 881 888 111
901 823 1024 971 puella,

130 921 158 968 ro
214 907 307 971 Hanc
330 929 443 991 sequar
465 910 496 972 et
517 909 598 972 fidos
620 929 686 972 una
707 912 782 992 aget
803 929 879 988 aura
922 928 990 972 uos.
1040 919 1074 968 30

174 991 282 1055 Vnum
304 994 380 1056 litus
403 994 464 1057 erit
484 993 600 1077 sopitis
618 1014 744 1076 unaque
764 995 850 1058 tecto

217 1077 337 1159 Arbor,
360 1079 392 1140 et
414 1077 452 1140 e'x
473 1099 538 1140 una
559 1099 653 1160 saepe
674 1077 820 1141 bibemus
843 1098 940 1161 aqua,

174 1161 218 1225 Et
232 1161 341 1225 tabula
356 1184 420 1225 una
435 1162 514 1225 duos
527 1161 647 1259 poterit
662 1183 842 1246 conponere
857 1164 1017 1244 amantes,

219 1246 317 1309 Prona
339 1246 441 1310 cubile
463 1245 543 1310 mih1
565 1267 620 1311 seu
642 1245 721 1309 mihi
742 1247 858 1331 puppis
881 1246 949 1310 erit.

132 1344 159 1391 15
175 1330 291 1394 Omnia
312 1330 487 1414 perpetiar:
509 1352 621 1394 saevus
643 1331 718 1394 licet
739 1334 852 1415 urgeat
873 1329 977 1394 Eurus
1040 1341 1073 1390 35

218 1414 359 1498 Velaque
380 1415 416 1478 in
436 1417 593 1479 incertum
615 1415 751 1500 frigidus
772 1417 890 1479 Auster
912 1417 1003 1498 agat,

175 1499 372 1582 Quicumque
394 1503 427 1563 11
440 1499 528 1563 venti
549 1500 700 1563 miserum
714 1500 853 1563 vexastis
872 1497 990 1563 Vlixen

216 1583 261 1646 Et
282 1583 430 1647 Danaum
452 1583 595 1647 Euboico
618 1584 726 1648 littore
747 1585 834 1649 mille
855 1587 955 1666 rates,

175 1667 219 1732 111
233 1669 448 1750 qui'movistis
464 1668 525 1732 duo
546 1671 567 1748 †
582 1669 705 1750 littora,
728 1689 800 1733 oum
820 1668 908 1732 rudis
923 1668 1030 1753 Argus

129 1765 160 1813 20
216 1751 290 1816 Dux
312 1755 380 1816 erat
400 1754 512 1837 ignoto
535 1753 633 1815 missa
655 1754 802 1817 columba
822 1753 912 1818 mari.
1039 1764 1073 1813 eo

175 1837 237 1900 Illa
258 1837 338 1901 meis
359 1840 486 1900 tantum
508 1858 574 1900 non
595 1858 745 1920 umquam
768 1838 850 1902 desit
871 1837 996 1920 ocellis,

216 1921 372 1986 incendat
393 1943 507 1986 navem
528 1921 672 2005 Iuppiter
696 1924 765 2005 ipse
787 1922 870 1986 licet.

176 2005 269 2070 Certe
291 2006 393 2070 isdem
415 2006 493 2069 nudi
515 2007 634 2090 pariter
656 2006 845 2069 iactabimur
866 2005 946 2070 oris:

217 2091 270 2154 Me
293 2091 368 2155 licet
388 2090 475 2154 unda
496 2090 593 2173 ferat,
615 2093 647 2154 11
669 2090 764 2154 modo
786 2094 872 2154 terra
892 2090 994 2175 teget.

127 2188 158 2236 15
175 2173 238 2240 Sed
258 2197 325 2238 non
347 2175 516 2259 Neptunus
537 2178 629 2239 tanto
653 2174 788 2239 crudelis
811 2173 926 2256 amori,
1039 2185 1072 2236 45

216 2259 387 2344 Neptunus
408 2260 502 2323 fratri
522 2281 580 2342 par
605 2260 639 2323 in
661 2280 768 2324 amore
790 2258 869 2322 Iovi.

174 2343 279 2409 Testis
299 2346 479 2428 Amymone
515 2345 625 2408 latices
646 2349 718 2408 cuni
739 2344 851 2424 ferret,
871 2343 908 2406 in
926 2341 1025 2427 Argis

219 2427 400 2513 Conpressa
422 2432 455 2492 11
476 2394 597 2493 lernae
619 2430 712 2513 pulsa
733 2428 871 2492 tridente
893 2427 995 2510 palus.

175 2513 244 2578 Iam
266 2513 343 2577 deus
366 2514 514 2597 arnplexu
534 2518 645 2577 votum
667 2513 835 2598 persolvit,
858 2511 961 2575 atilli

127 2611 159 2660 30
194 2600 322 2662 'Aurea
343 2598 467 2661 divinas
488 2619 569 2660 urna
590 2598 732 2682 profudit
754 2619 861 2680 aquas.
1040 2608 1073 2657 5ο

176 2681 344 2748 Crudelem
366 2685 398 2747 11
420 2681 546 2746 Borean
567 2685 660 2765 rapta
683 2682 830 2765 Orithyia
850 2681 995 2764 negavit:

219 2767 280 2831 Hic
301 2766 378 2830 deus
401 2770 433 2830 et
453 2770 554 2829 terras
576 2770 608 2831 et
629 2768 729 2830 maria
751 2768 817 2830 alta
838 2765 956 2829 domat.

175 2851 276 2917 Crede
298 2851 394 2932 mihi,
416 2851 510 2913 nobis
525 2851 671 2915 mitescet
686 2851 792 2934 Scylla
806 2871 865 2914 nec
880 2870 1031 2932 umquam

217 2938 407 3000 Alternante
430 2956 547 2998 vacans
569 2940 660 2999 vasta
682 2934 859 3018 Charybdis
882 2955 977 3017 aqua,

127 3035 158 3082 35
173 3021 309 3105 Ipsaque
329 3019 433 3083 sidera
454 3023 547 3082 erunt
566 3020 663 3084 nullis
684 3020 819 3083 obscura
839 3018 995 3083 tenebris:
1039 3031 1071 3079 55

216 3105 318 3168 Purus
342 3107 374 3167 et
389 3103 504 3186 Orion,
526 3126 623 3188 purus
646 3108 678 3168 11
698 3103 828 3167 Haedus
850 3105 919 3167 erit.

176 3189 267 3267 Quod
289 3187 368 3252 mihi
390 3189 417 3250 si
439 3188 587 3271 ponenda
612 3191 666 3252 tuo
690 3189 731 3251 sit
754 3209 885 3271 corpore
906 3189 986 3271 vita,

207 3274 330 3357 Exitus
352 3271 405 3338 hio
426 3271 519 3336 nobis
542 3295 608 3337 non
629 3273 817 3336 inhonestus
840 3273 910 3337 erit.

515 3445 667 3456 ...η-.-
