2392 3990
119 239 180 303 112
500 241 694 296 reornarn
995 239 1089 312 [1111

179 406 363 555 Lygdamus
384 405 418 468 in
441 403 562 488 primis,
586 404 690 467 omnis
705 403 785 467 mihi
801 424 896 468 causa
911 402 1071 486 querellae,

130 503 165 554 80

254 494 348 556 01011
369 495 401 554 01
421 489 555 571 pedibus
577 489 706 553 vincula
726 489 803 552 bina
823 487 953 550 trahat!

179 575 301 642 Indixit
321 574 428 660 leges:
450 573 601 657 respondi
624 594 684 657 ego
708 573 843 657 ‘legibus
866 575 964 636 utar.’

224 659 352 724 Riserat
371 658 505 740 imperio
528 658 614 721 11011
635 658 772 740 superba
793 657 877 721 datu.

180 742 267 809 Dein
302 763 533 827 quemcumque
575 741 681 805 locum
720 745 867 889 extelrlnae
903 742 1038 826 tetigere

748 847 788 889 ue
814 847 850 888 ae

223 911 322 977 Suffit
343 915 375 976 et
394 933 475 995 pura
496 911 608 974 limina
628 848 866 995 tergirpaqua,'

131 1011 164 1060 85
180 996 323 1080 Imperat
344 999 376 1060 et
395 998 482 1060 totas
503 997 619 1060 iterum
640 1001 764 1058 mutare
786 995 941 1077 lacernas,

224 1081 349 1164 Terque
371 1101 477 1143 meum
498 1081 607 1164 tetigit
628 1079 789 1163 sulphuris
810 1079 886 1162 igne
914 1081 1020 1161 caput.

182 1167 290 1248 Atque
313 1166 359 1228 ita
380 1168 503 1228 mutato
526 1185 583 1246 per
604 1164 732 1247 singula
752 1163 851 1246 pallia
872 1162 956 1227 lecto

223 1248 429 1333 †Respondi,
452 1252 485 1312 01
505 1250 574 1312 1010
598 1248 750 1311 solvimus
772 1269 860 1311 arma
880 1250 963 1311 toro.

524 1378 677 1387 ——.—-·

541 1462 655 1534 Vina

183 1586 488 1672 Amphitryoniades
508 1607 571 1669 qua
592 1588 782 1669 tempestate
803 1586 956 1651 iuvencos

225 1673 347 1757 Egerat
367 1695 386 1735 1
407 1671 549 1753 stabulis,
572 1692 591 1734 0
613 1669 763 1753 Erythea,
785 1672 858 1751 tuis,

182 1756 283 1821 Venit
303 1756 343 1819 ad
365 1757 495 1819 eductos
522 1775 677 1839 pecorosa
697 1755 820 1819 Palatia
841 1757 978 1836 montes,

226 1841 271 1904 Et
291 1841 403 1904 statuit
424 1841 525 1904 fessos
546 1840 650 1904 fessus
673 1842 706 1904 et
725 1840 795 1924 ipse
816 1840 924 1921 boves,

155 1923 257 2000 tQua
280 1924 416 1989 Velabra
438 1946 495 1988 suo
518 1924 712 2009 stagnabant
732 1925 863 1987 flumine
885 1943 1010 2008 quaque

225 2009 333 2074 Nauta
353 2031 411 2093 per
430 2010 568 2073 urbanas
589 2009 770 2072 velificabat
791 2030 895 2092 aquae.

172 2093 247 2158 ¹Sed
268 2116 336 2158 non
356 2094 454 2157 infido
476 2096 664 2157 manserunt
685 2092 812 2176 hospite
835 2092 919 2157 Caco

228 2179 425 2243 Incolumes:
447 2179 533 2241 furto
547 2178 664 2260 polluit
684 2178 738 2242 ille
760 2176 878 2241 Iovem.

184 2261 296 2326 Incola
317 2262 417 2328 Cacus
440 2266 522 2343 erat,
545 2261 716 2324 metuendo
737 2263 847 2345 raptor
868 2260 908 2325 ab
931 2262 1043 2344 antro,

136 2361 168 2408 10
224 2347 286 2410 Per
306 2348 369 2409 1111
390 2347 524 2429 partitos
547 2346 602 2428 qui
623 2345 719 2409 dabat
740 2367 796 2410 011
816 2345 916 2410 focos.

184 2429 257 2513 Hic,
278 2452 319 2494 ne
342 2435 429 2495 certa
449 2431 556 2494 forent
576 2429 767 2494 manifestae
789 2430 883 2515 signa
901 2430 1043 2514 rapinae,

226 2516 364 2579 Aversos
388 2515 487 2578 cauda
507 2515 604 2577 traxit
625 2516 660 2577 in
682 2518 774 2578 antra
794 2515 910 2597 boves,

185 2599 254 2666 Neo
277 2600 345 2663 sine
367 2603 449 2663 teste
471 2599 547 2663 deo:
570 2599 673 2662 furem
696 2621 830 2664 sonuere
851 2599 988 2682 iuvenci,

226 2683 318 2747 Furis
341 2686 373 2748 et
393 2683 568 2766 inplacidas
590 2684 688 2746 diruit
708 2685 756 2747 ira
776 2684 871 2748 fores

137 2781 169 2830 15
184 2768 342 2832 Maenalio
364 2768 463 2831 iacuit
484 2768 594 2850 pulsus
616 2769 679 2831 tria
699 2772 846 2852 tempora
866 2789 957 2832 ramo

121 2889 125 2897 ·
228 2852 339 2935 Caene,
363 2855 396 2916 01
416 2852 545 2916 Alcides
568 2853 614 2915 sic
636 2854 696 2917 ait:
719 2855 774 2917 ‘ite
796 2853 908 2936 boves,

183 2935 333 3002 Herculis
354 2937 399 3000 ite
420 2937 527 3018 bovae,
549 2939 677 3000 nostrae
699 2937 790 3001 labor
810 2938 922 3000 ultime
945 2938 1063 3023 clarae,

227 3020 284 3084 Bis
306 3019 385 3083 mihi
407 3021 580 3103 quaesItae,
603 3021 654 3084 bis
669 3042 740 3084 mea
762 3022 888 3104 praeda,
912 3022 1021 3106 boves,

185 3105 332 3187 Arvaque
353 3106 478 3189 mugitu
499 3106 620 3169 sancite
642 3105 772 3168 bovaria
792 3106 848 3169 lon
872 3128 909 3170 o:

134 3201 169 3252 20
225 3188 343 3254 Nobile
364 3191 425 3254 erit
445 3189 566 3253 Romae
587 3211 705 3272 pascua
725 3193 830 3253 restra
849 3129 980 3255 lorum?

184 3272 325 3356 Dixerat,
349 3277 382 3338 et
403 3275 487 3338 sicco
508 3276 610 3337 torret
632 3274 701 3337 sitis
724 3296 780 3338 ora
800 3275 917 3358 palato,

227 3357 387 3441 Terraque
408 3380 475 3422 non
496 3358 577 3421 ullas
598 3357 667 3421 1011
687 3359 849 3422 ministrat
870 3381 977 3442 aquas.

185 3440 248 3508 Sed
270 3443 382 3525 procul
403 3443 542 3506 inclusas
564 3442 652 3505 audr't
673 3443 775 3506 ridere
796 3444 929 3528 puellas.

193 3572 196 3576 ι
227 3525 331 3592 Lucus
354 3527 393 3591 ab
415 3526 565 3591 umbroso
587 3527 707 3592 fecerat
728 3528 805 3593 orbe
826 3550 956 3616 nemus,
