2392 3990
132 211 174 276 50
510 215 703 272 1110111111
1024 208 1095 288 [1111Ι

238 378 373 442 Vidistis
395 379 533 463 fuscam,
557 380 645 443 ducit
665 383 796 462 uterque
818 379 921 445 color:

195 463 331 529 Vidistis
355 464 512 546 quandam
535 465 656 549 Argiva
677 464 804 549 prodire
825 465 943 549 figura,

238 546 373 611 Vidistis
395 553 536 630 nostras,
559 552 691 631 utraque
713 548 816 612 forma
837 549 935 631 rapit:

147 645 179 694 45
195 631 317 714 Illoque
339 631 463 714 plebeio
487 633 537 697 vel
559 633 602 697 sit
623 633 770 715 sandycis
792 633 924 714 amictu,

238 715 327 780 Haec
349 719 443 799 atque
465 717 522 780 illa
542 717 618 780 mali
640 716 779 780 vulneris
801 739 867 780 una
887 717 983 802 riost,

197 799 278 866 Cum
300 800 378 863 satis
399 823 464 864 una
484 801 547 864 tuis
569 802 730 865 insomnia
751 804 858 884 portet
880 802 1005 886 ocellis,

238 884 311 948 Vna
332 885 376 949 sit
398 887 430 950 et
452 886 551 950 cuivis
573 885 692 949 femina
714 885 815 948 multa
836 885 930 950 mala.

476 1101 563 1174 1111
590 1101 747 1195 [111111.

196 1221 271 1287 Vidi
294 1227 325 1288 te
348 1225 383 1288 in
405 1225 527 1288 somnis
549 1225 664 1306 hacta,
687 1246 758 1288 mea
779 1224 857 1306 vita,
882 1224 990 1289 cerina

237 1307 329 1372 Ionio
352 1308 452 1372 lassas
475 1309 588 1373 ducere
610 1329 680 1372 rore
702 1330 829 1390 manus,

195 1390 240 1456 Et
261 1414 476 1476 quaecumque
497 1394 532 1457 in
554 1415 604 1457 me
626 1393 731 1457 fueras
753 1393 888 1456 mentita
908 1393 1016 1474 fateri,

238 1476 307 1541 Nec
329 1478 392 1541 iam
414 1499 525 1541 umore
547 1499 660 1562 graves
682 1478 795 1541 tollere
817 1498 911 1560 posse
934 1498 1055 1559 comas,

169 1560 334 1635 oQualem
355 1563 521 1645 purpureis
545 1562 700 1645 agitatam
721 1561 871 1625 fluctibus
892 1560 1024 1644 Hellen,

239 1647 346 1710 Aurea
369 1667 463 1728 quam
484 1647 575 1709 molli
597 1649 723 1730 tergore
744 1646 832 1710 rexit
852 1646 930 1710 ovis

197 1729 298 1804 Quam
313 1731 419 1812 timui,
435 1752 476 1794 ne
491 1730 574 1795 forte
589 1733 678 1794 tuum
694 1751 780 1794 mare
794 1751 912 1794 nomen
926 1729 1069 1810 haberet,

238 1816 344 1897 Atque
366 1819 422 1878 tua
443 1814 553 1878 labens
574 1816 682 1878 navita
702 1814 793 1878 fleret
813 1817 908 1898 aqua!

195 1895 282 1973 Quae
301 1901 371 1962 tum
388 1919 448 1984 ego
464 1898 632 1983 Neptuno,
654 1901 819 2047 quaedum
836 1920 908 1970 cum
927 1898 1060 1964 Castore

770 1983 846 2065 atri,

148 2081 180 2129 10
238 2067 386 2152 Quaeque
408 2068 467 2133 tibi
492 2069 601 2152 excepi
622 2071 705 2151 turn,
732 2068 790 2131 dea
811 2066 1006 2132 Leucothoe!

149 2165 180 2213 13
196 2151 287 2227 Quod
310 2155 337 2217 si
359 2155 442 2218 forte
463 2157 536 2217 tuos
558 2153 691 2217 vidisset
713 2151 850 2216 Glaucus
873 2152 1010 2236 ocellos,

237 2237 333 2301 Esses
356 2237 440 2302 lonii
461 2239 546 2301 facta
567 2237 673 2319 puella
693 2237 806 2319 maris,

148 2334 178 2382 16
194 2319 238 2386 Et
259 2322 319 2386 tibi
341 2322 382 2385 ob
404 2321 557 2385 invidiam
578 2319 730 2385 Nereides
753 2321 996 2405 increpitarent,

238 2403 381 2470 Candida
402 2405 540 2487 Nesaee,
564 2405 688 2469 caerula
711 2404 897 2487 Cymothoe.

195 2488 257 2555 Sed
280 2490 338 2554 tibi
361 2489 503 2554 subsidio
527 2488 711 2573 delphinum
734 2511 857 2554 currere
879 2489 960 2571 vidi,

238 2573 314 2656 Qui,
337 2578 430 2659 puto,
452 2575 618 2638 Arioniam
640 2578 767 2638 vexerat
788 2577 863 2638 ante
885 2574 997 2657 lyram.

149 2658 240 2723 11Α1
260 2662 310 2741 tu,
334 2658 388 2722 vix
409 2658 528 2743 primas
551 2659 706 2722 extollens
728 2658 856 2743 gurgite
877 2659 1012 2742 palmas,

148 2754 177 2804 12
236 2742 337 2826 Saepe
358 2765 465 2808 meum
486 2764 605 2807 nomen
627 2744 689 2805 iam
711 2744 852 2827 peritura
873 2764 978 2807 vocas.

148 2827 325 2909 telamque
348 2849 408 2912 ego
431 2828 569 2892 conabar
592 2849 714 2891 summo
737 2849 787 2890 me
809 2828 936 2891 mittere
959 2849 1054 2912 saxo,

146 2925 179 2973 20
236 2910 319 2977 Cum
340 2912 419 2976 mihi
441 2912 591 2977 discussit
611 2912 689 2975 talia
711 2913 779 2975 visa
799 2915 913 2978 metus.

538 3034 689 3043 ——-

555 3126 669 3199 XXII.

194 3249 289 3316 Nunc
304 3250 499 3315 admirentur
513 3249 599 3332 quod
614 3253 681 3312 tam
696 3248 776 3312 mihi
790 3249 923 3332 pulchra
936 3252 1043 3333 puella

237 3335 361 3400 Serviat
383 3338 415 3399 et
436 3337 504 3398 tota
526 3334 612 3397 dicar
634 3335 668 3397 in
689 3335 767 3397 urbe
789 3337 913 3416 potens.

194 3418 283 3496 Non,
307 3421 334 3483 si
356 3421 419 3483 iam
442 3418 552 3502 Gygae
573 3419 705 3482 redeant
727 3423 759 3481 et
779 3419 910 3482 flumina
933 3418 1059 3501 Croesi,

237 3503 333 3568 Dicat
355 3503 411 3567 ‘de
433 3507 542 3567 nostro
566 3525 676 3589 surge,
697 3507 807 3587 poeta,
831 3507 926 3568 1010.’
