<?xml version="1.0" encoding="UTF-8"?>
<!DOCTYPE html PUBLIC "-//W3C//DTD XHTML 1.0 Transitional//EN"
    "http://www.w3.org/TR/xhtml1/DTD/xhtml1-transitional.dtd">
<html xmlns="http://www.w3.org/1999/xhtml" xml:lang="en" lang="en">
 <head>
  <title>
</title>
<meta http-equiv="Content-Type" content="text/html;charset=utf-8" />
  <meta name='ocr-system' content='tesseract 3.04.00' />
  <meta name='ocr-capabilities' content='ocr_page ocr_carea ocr_par ocr_line ocrx_word'/>
</head>
<body>
  <div class='ocr_page' id='page_1' title='image "./sexrecensvitlvc00propgoog_0030.png"; bbox 0 0 2392 3990; ppageno 0'>
   <div class='ocr_carea' id='block_1_1' title="bbox 117 259 657 332">
    <p class='ocr_par' dir='ltr' id='par_1_1' title="bbox 117 259 657 332">
     <span class='ocr_line' id='line_1_1' title="bbox 117 259 657 332; baseline 0.004 -18"><span class='ocrx_word' id='word_1_1' title='bbox 117 260 179 332; x_wconf 74' lang='grc'><strong>111</strong></span> <span class='ocrx_word' id='word_1_2' title='bbox 506 259 615 316; x_wconf 82' lang='lat' dir='ltr'><strong>menn</strong></span> <span class='ocrx_word' id='word_1_3' title='bbox 635 261 657 316; x_wconf 91' lang='lat'><strong>1.</strong></span> 
     </span>
    </p>
   </div>
   <div class='ocr_carea' id='block_1_2' title="bbox 119 423 1071 2197">
    <p class='ocr_par' dir='ltr' id='par_1_2' title="bbox 152 423 809 509">
     <span class='ocr_line' id='line_1_2' title="bbox 152 423 809 509; baseline 0 -21"><span class='ocrx_word' id='word_1_4' title='bbox 152 423 196 488; x_wconf 89' lang='lat' dir='ltr'><strong>Vt</strong></span> <span class='ocrx_word' id='word_1_5' title='bbox 216 445 305 489; x_wconf 91' lang='lat' dir='ltr'><strong>meus</strong></span> <span class='ocrx_word' id='word_1_6' title='bbox 327 423 428 488; x_wconf 87' lang='lat' dir='ltr'><strong>oblito</strong></span> <span class='ocrx_word' id='word_1_7' title='bbox 451 423 556 509; x_wconf 86' lang='lat' dir='ltr'><strong>pulvis</strong></span> <span class='ocrx_word' id='word_1_8' title='bbox 579 445 686 488; x_wconf 88' lang='lat' dir='ltr'><strong>amore</strong></span> <span class='ocrx_word' id='word_1_9' title='bbox 707 426 809 488; x_wconf 84' lang='lat' dir='ltr'><strong>vacet.</strong></span> 
     </span>
    </p>

    <p class='ocr_par' dir='ltr' id='par_1_3' title="bbox 119 507 862 677">
     <span class='ocr_line' id='line_1_3' title="bbox 119 507 851 592; baseline 0 -20"><span class='ocrx_word' id='word_1_10' title='bbox 119 507 180 574; x_wconf 88' lang='lat' dir='ltr'><strong>Illic</strong></span> <span class='ocrx_word' id='word_1_11' title='bbox 201 508 391 592; x_wconf 84' lang='lat' dir='ltr'>Phylacides</span> <span class='ocrx_word' id='word_1_12' title='bbox 412 508 568 573; x_wconf 88' lang='lat' dir='ltr'><strong>iocundae</strong></span> <span class='ocrx_word' id='word_1_13' title='bbox 590 509 735 592; x_wconf 86' lang='lat' dir='ltr'><strong>coniugis</strong></span> <span class='ocrx_word' id='word_1_14' title='bbox 757 508 851 573; x_wconf 85' lang='lat' dir='ltr'><strong>heros</strong></span> 
     </span>
     <span class='ocr_line' id='line_1_4' title="bbox 152 592 862 677; baseline -0.004 -19"><span class='ocrx_word' id='word_1_15' title='bbox 152 592 227 658; x_wconf 89' lang='lat' dir='ltr'><strong>Non</strong></span> <span class='ocrx_word' id='word_1_16' title='bbox 247 592 354 677; x_wconf 86' lang='lat' dir='ltr'><strong>potuit</strong></span> <span class='ocrx_word' id='word_1_17' title='bbox 376 594 477 658; x_wconf 87' lang='lat' dir='ltr'><strong>caecis</strong></span> <span class='ocrx_word' id='word_1_18' title='bbox 499 595 656 656; x_wconf 89' lang='lat' dir='ltr'><strong>inmemor</strong></span> <span class='ocrx_word' id='word_1_19' title='bbox 676 614 745 656; x_wconf 89' lang='lat' dir='ltr'><strong>esse</strong></span> <span class='ocrx_word' id='word_1_20' title='bbox 768 593 862 675; x_wconf 78' lang='lat' dir='ltr'><strong>locis,</strong></span> 
     </span>
    </p>

    <p class='ocr_par' dir='ltr' id='par_1_4' title="bbox 121 675 1071 846">
     <span class='ocr_line' id='line_1_5' title="bbox 121 675 897 763; baseline 0 -22"><span class='ocrx_word' id='word_1_21' title='bbox 121 675 172 741; x_wconf 80' lang='lat' dir='ltr'><strong>Sed</strong></span> <span class='ocrx_word' id='word_1_22' title='bbox 194 678 328 761; x_wconf 87' lang='lat' dir='ltr'><strong>cupidus</strong></span> <span class='ocrx_word' id='word_1_23' title='bbox 350 677 442 742; x_wconf 86' lang='lat' dir='ltr'><strong>falsis</strong></span> <span class='ocrx_word' id='word_1_24' title='bbox 464 679 622 763; x_wconf 86' lang='lat' dir='ltr'><strong>attingere</strong></span> <span class='ocrx_word' id='word_1_25' title='bbox 644 677 761 761; x_wconf 84' lang='lat' dir='ltr'><strong>gaudia</strong></span> <span class='ocrx_word' id='word_1_26' title='bbox 782 678 897 761; x_wconf 89' lang='lat' dir='ltr'><strong>palmis</strong></span> 
     </span>
     <span class='ocr_line' id='line_1_6' title="bbox 154 761 1071 846; baseline -0.003 -20"><span class='ocrx_word' id='word_1_27' title='bbox 154 761 312 826; x_wconf 82' lang='lat' dir='ltr'><strong>Thessalis</strong></span> <span class='ocrx_word' id='word_1_28' title='bbox 336 763 498 846; x_wconf 89' lang='lat' dir='ltr'><strong>antiquam</strong></span> <span class='ocrx_word' id='word_1_29' title='bbox 521 766 651 825; x_wconf 88' lang='lat' dir='ltr'><strong>venerat</strong></span> <span class='ocrx_word' id='word_1_30' title='bbox 673 762 785 825; x_wconf 89' lang='lat' dir='ltr'><strong>umbra</strong></span> <span class='ocrx_word' id='word_1_31' title='bbox 807 761 945 826; x_wconf 91' lang='lat' dir='ltr'><strong>domum.</strong></span> <span class='ocrx_word' id='word_1_32' title='bbox 1039 774 1071 823; x_wconf 81' lang='grc' dir='ltr'><strong>ιο</strong></span> 
     </span>
    </p>

    <p class='ocr_par' dir='ltr' id='par_1_5' title="bbox 122 843 918 1015">
     <span class='ocr_line' id='line_1_7' title="bbox 122 843 918 931; baseline 0.004 -23"><span class='ocrx_word' id='word_1_33' title='bbox 122 843 183 911; x_wconf 90' lang='lat' dir='ltr'><strong>lllio</strong></span> <span class='ocrx_word' id='word_1_34' title='bbox 204 847 355 931; x_wconf 89' lang='lat' dir='ltr'><strong>quicquid</strong></span> <span class='ocrx_word' id='word_1_35' title='bbox 378 867 441 929; x_wconf 89' lang='lat' dir='ltr'><strong>ero,</strong></span> <span class='ocrx_word' id='word_1_36' title='bbox 465 869 590 930; x_wconf 86' lang='lat' dir='ltr'>semper</span> <span class='ocrx_word' id='word_1_37' title='bbox 610 850 666 909; x_wconf 89' lang='lat' dir='ltr'><strong>tua</strong></span> <span class='ocrx_word' id='word_1_38' title='bbox 688 847 774 910; x_wconf 89' lang='lat' dir='ltr'><strong>dicar</strong></span> <span class='ocrx_word' id='word_1_39' title='bbox 796 847 918 930; x_wconf 82' lang='lat' dir='ltr'>imago:</span> 
     </span>
     <span class='ocr_line' id='line_1_8' title="bbox 155 930 811 1015; baseline 0 -21"><span class='ocrx_word' id='word_1_40' title='bbox 155 930 272 996; x_wconf 85' lang='lat' dir='ltr'><strong>Traicit</strong></span> <span class='ocrx_word' id='word_1_41' title='bbox 293 935 326 995; x_wconf 89' lang='lat' dir='ltr'><strong>et</strong></span> <span class='ocrx_word' id='word_1_42' title='bbox 347 931 405 994; x_wconf 86' lang='lat' dir='ltr'><strong>fati</strong></span> <span class='ocrx_word' id='word_1_43' title='bbox 427 932 535 995; x_wconf 76' lang='lat' dir='ltr'><strong>littora</strong></span> <span class='ocrx_word' id='word_1_44' title='bbox 555 952 691 1015; x_wconf 77' lang='lat' dir='ltr'><strong>magnus</strong></span> <span class='ocrx_word' id='word_1_45' title='bbox 714 952 811 995; x_wconf 89' lang='lat' dir='ltr'><strong>amor.</strong></span> 
     </span>
    </p>

    <p class='ocr_par' dir='ltr' id='par_1_6' title="bbox 122 1011 921 1185">
     <span class='ocr_line' id='line_1_9' title="bbox 122 1011 839 1096; baseline -0.001 -17"><span class='ocrx_word' id='word_1_46' title='bbox 122 1011 181 1080; x_wconf 90' lang='lat' dir='ltr'><strong>Illic</strong></span> <span class='ocrx_word' id='word_1_47' title='bbox 201 1016 362 1081; x_wconf 84' lang='lat' dir='ltr'><strong>formosae</strong></span> <span class='ocrx_word' id='word_1_48' title='bbox 384 1017 514 1079; x_wconf 89' lang='lat' dir='ltr'><strong>veniant</strong></span> <span class='ocrx_word' id='word_1_49' title='bbox 536 1015 650 1080; x_wconf 89' lang='lat' dir='ltr'><strong>chorus</strong></span> <span class='ocrx_word' id='word_1_50' title='bbox 672 1013 839 1096; x_wconf 83' lang='lat' dir='ltr'><strong>heminae,</strong></span> 
     </span>
     <span class='ocr_line' id='line_1_10' title="bbox 155 1099 921 1185; baseline -0.003 -21"><span class='ocrx_word' id='word_1_51' title='bbox 155 1099 237 1174; x_wconf 81' lang='lat' dir='ltr'><strong>Quas</strong></span> <span class='ocrx_word' id='word_1_52' title='bbox 259 1100 347 1164; x_wconf 84' lang='lat' dir='ltr'><strong>dedit</strong></span> <span class='ocrx_word' id='word_1_53' title='bbox 367 1100 498 1185; x_wconf 82' lang='lat' dir='ltr'><strong>Argivis</strong></span> <span class='ocrx_word' id='word_1_54' title='bbox 519 1099 671 1164; x_wconf 90' lang='lat' dir='ltr'><strong>Dardana</strong></span> <span class='ocrx_word' id='word_1_55' title='bbox 714 1099 809 1162; x_wconf 88' lang='lat' dir='ltr'><strong>raeda</strong></span> <span class='ocrx_word' id='word_1_56' title='bbox 831 1099 921 1182; x_wconf 83' lang='lat' dir='ltr'><strong>viris3</strong></span> 
     </span>
    </p>

    <p class='ocr_par' dir='ltr' id='par_1_7' title="bbox 122 1123 1069 1335">
     <span class='ocr_line' id='line_1_11' title="bbox 122 1123 1069 1267; baseline -0.004 -19"><span class='ocrx_word' id='word_1_57' title='bbox 122 1180 248 1258; x_wconf 67' lang='lat' dir='ltr'><strong>(lotarum</strong></span> <span class='ocrx_word' id='word_1_58' title='bbox 267 1185 359 1249; x_wconf 85' lang='lat' dir='ltr'><strong>nulla</strong></span> <span class='ocrx_word' id='word_1_59' title='bbox 379 1188 435 1248; x_wconf 90' lang='lat' dir='ltr'><strong>tua</strong></span> <span class='ocrx_word' id='word_1_60' title='bbox 455 1184 554 1249; x_wconf 87' lang='lat' dir='ltr'><strong>fuerit</strong></span> <span class='ocrx_word' id='word_1_61' title='bbox 574 1182 670 1267; x_wconf 87' lang='lat' dir='ltr'><strong>mihi,</strong></span> <span class='ocrx_word' id='word_1_62' title='bbox 691 1123 846 1267; x_wconf 65' lang='lat' dir='ltr'><strong>dynthia,</strong></span> <span class='ocrx_word' id='word_1_63' title='bbox 869 1184 973 1248; x_wconf 84' lang='lat' dir='ltr'><strong>forma</strong></span> <span class='ocrx_word' id='word_1_64' title='bbox 1039 1195 1069 1245; x_wconf 74' lang='lat'><strong>16</strong></span> 
     </span>
     <span class='ocr_line' id='line_1_12' title="bbox 156 1267 830 1335; baseline 0 -2"><span class='ocrx_word' id='word_1_65' title='bbox 156 1267 281 1335; x_wconf 70' lang='lat' dir='ltr'><strong>(iratior</strong></span> <span class='ocrx_word' id='word_1_66' title='bbox 302 1272 334 1334; x_wconf 87' lang='lat' dir='ltr'><strong>et</strong></span> <span class='ocrx_word' id='word_1_67' title='bbox 355 1268 463 1333; x_wconf 80' lang='lat' dir='ltr'>Tellus</span> <span class='ocrx_word' id='word_1_68' title='bbox 485 1268 545 1333; x_wconf 92' lang='lat' dir='ltr'><strong>hoc</strong></span> <span class='ocrx_word' id='word_1_69' title='bbox 567 1269 613 1332; x_wconf 91' lang='lat' dir='ltr'><strong>ita</strong></span> <span class='ocrx_word' id='word_1_70' title='bbox 633 1269 716 1333; x_wconf 88' lang='lat' dir='ltr'><strong>iusta</strong></span> <span class='ocrx_word' id='word_1_71' title='bbox 738 1269 830 1333; x_wconf 89' lang='lat' dir='ltr'><strong>sinat.</strong></span> 
     </span>
    </p>

    <p class='ocr_par' dir='ltr' id='par_1_8' title="bbox 122 1351 971 1517">
     <span class='ocr_line' id='line_1_13' title="bbox 122 1351 971 1438; baseline -0.001 -21"><span class='ocrx_word' id='word_1_72' title='bbox 122 1351 287 1431; x_wconf 82' lang='lat' dir='ltr'><strong>†Quamvis</strong></span> <span class='ocrx_word' id='word_1_73' title='bbox 309 1357 342 1418; x_wconf 86' lang='lat' dir='ltr'><strong>te</strong></span> <span class='ocrx_word' id='word_1_74' title='bbox 362 1354 479 1438; x_wconf 85' lang='lat' dir='ltr'><strong>longae</strong></span> <span class='ocrx_word' id='word_1_75' title='bbox 500 1356 700 1418; x_wconf 80' lang='lat' dir='ltr'><strong>remorentur</strong></span> <span class='ocrx_word' id='word_1_76' title='bbox 721 1354 789 1415; x_wconf 87' lang='lat' dir='ltr'><strong>fata</strong></span> <span class='ocrx_word' id='word_1_77' title='bbox 811 1359 971 1435; x_wconf 82' lang='lat' dir='ltr'><strong>senectae,</strong></span> 
     </span>
     <span class='ocr_line' id='line_1_14' title="bbox 154 1437 884 1517; baseline -0.001 -14"><span class='ocrx_word' id='word_1_78' title='bbox 154 1437 260 1517; x_wconf 81' lang='lat' dir='ltr'><strong>†Cara</strong></span> <span class='ocrx_word' id='word_1_79' title='bbox 281 1441 390 1502; x_wconf 88' lang='lat' dir='ltr'><strong>tamen</strong></span> <span class='ocrx_word' id='word_1_80' title='bbox 411 1438 550 1502; x_wconf 84' lang='lat' dir='ltr'><strong>lacrimis</strong></span> <span class='ocrx_word' id='word_1_81' title='bbox 574 1459 647 1501; x_wconf 87' lang='lat' dir='ltr'><strong>ossa</strong></span> <span class='ocrx_word' id='word_1_82' title='bbox 666 1437 774 1502; x_wconf 86' lang='lat' dir='ltr'><strong>futura</strong></span> <span class='ocrx_word' id='word_1_83' title='bbox 794 1439 884 1502; x_wconf 91' lang='lat' dir='ltr'><strong>meis.</strong></span> 
     </span>
    </p>

    <p class='ocr_par' dir='ltr' id='par_1_9' title="bbox 121 1520 1071 1686">
     <span class='ocr_line' id='line_1_15' title="bbox 121 1520 875 1607; baseline 0.001 -21"><span class='ocrx_word' id='word_1_84' title='bbox 121 1520 222 1599; x_wconf 73' lang='lat' dir='ltr'><strong>iQuae</strong></span> <span class='ocrx_word' id='word_1_85' title='bbox 244 1527 280 1586; x_wconf 89' lang='lat' dir='ltr'><strong>tu</strong></span> <span class='ocrx_word' id='word_1_86' title='bbox 300 1523 373 1586; x_wconf 86' lang='lat' dir='ltr'><strong>viva</strong></span> <span class='ocrx_word' id='word_1_87' title='bbox 393 1545 464 1587; x_wconf 86' lang='lat' dir='ltr'><strong>mea</strong></span> <span class='ocrx_word' id='word_1_88' title='bbox 484 1523 589 1607; x_wconf 89' lang='lat' dir='ltr'><strong>possis</strong></span> <span class='ocrx_word' id='word_1_89' title='bbox 612 1523 730 1586; x_wconf 86' lang='lat' dir='ltr'><strong>sentire</strong></span> <span class='ocrx_word' id='word_1_90' title='bbox 752 1521 875 1587; x_wconf 85' lang='lat' dir='ltr'><strong>favilla!</strong></span> 
     </span>
     <span class='ocr_line' id='line_1_16' title="bbox 154 1607 1071 1686; baseline -0.002 -15"><span class='ocrx_word' id='word_1_91' title='bbox 154 1607 258 1686; x_wconf 88' lang='lat' dir='ltr'><strong>†Tum</strong></span> <span class='ocrx_word' id='word_1_92' title='bbox 280 1607 359 1670; x_wconf 93' lang='lat' dir='ltr'><strong>mihi</strong></span> <span class='ocrx_word' id='word_1_93' title='bbox 380 1629 447 1671; x_wconf 92' lang='lat' dir='ltr'><strong>non</strong></span> <span class='ocrx_word' id='word_1_94' title='bbox 468 1607 534 1670; x_wconf 91' lang='lat' dir='ltr'><strong>ullo</strong></span> <span class='ocrx_word' id='word_1_95' title='bbox 557 1628 643 1672; x_wconf 86' lang='lat' dir='ltr'><strong>mors</strong></span> <span class='ocrx_word' id='word_1_96' title='bbox 666 1608 708 1671; x_wconf 88' lang='lat' dir='ltr'><strong>sit</strong></span> <span class='ocrx_word' id='word_1_97' title='bbox 730 1630 836 1670; x_wconf 88' lang='lat' dir='ltr'><strong>amara</strong></span> <span class='ocrx_word' id='word_1_98' title='bbox 858 1607 939 1672; x_wconf 90' lang='lat' dir='ltr'><strong>loco.</strong></span> <span class='ocrx_word' id='word_1_99' title='bbox 1007 1642 1009 1646; x_wconf 95' lang='lat'>·</span> <span class='ocrx_word' id='word_1_100' title='bbox 1037 1619 1071 1669; x_wconf 75' lang='lat'><strong>‘20</strong></span> 
     </span>
    </p>

    <p class='ocr_par' dir='ltr' id='par_1_10' title="bbox 124 1685 990 1860">
     <span class='ocr_line' id='line_1_17' title="bbox 124 1685 990 1775; baseline 0.003 -22"><span class='ocrx_word' id='word_1_101' title='bbox 124 1685 212 1763; x_wconf 75' lang='lat' dir='ltr'><strong>Quam</strong></span> <span class='ocrx_word' id='word_1_102' title='bbox 233 1712 358 1773; x_wconf 84' lang='lat' dir='ltr'><strong>vereor,</strong></span> <span class='ocrx_word' id='word_1_103' title='bbox 380 1714 422 1756; x_wconf 89' lang='lat' dir='ltr'><strong>ne</strong></span> <span class='ocrx_word' id='word_1_104' title='bbox 443 1695 476 1755; x_wconf 88' lang='lat' dir='ltr'><strong>te</strong></span> <span class='ocrx_word' id='word_1_105' title='bbox 498 1695 696 1775; x_wconf 86' lang='lat' dir='ltr'><strong>contempto,</strong></span> <span class='ocrx_word' id='word_1_106' title='bbox 720 1690 874 1775; x_wconf 80' lang='lat' dir='ltr'><strong>Cynthia,</strong></span> <span class='ocrx_word' id='word_1_107' title='bbox 897 1692 990 1756; x_wconf 88' lang='lat' dir='ltr'><strong>busto</strong></span> 
     </span>
     <span class='ocr_line' id='line_1_18' title="bbox 154 1775 939 1860; baseline 0.003 -22"><span class='ocrx_word' id='word_1_108' title='bbox 154 1775 328 1840; x_wconf 83' lang='lat' dir='ltr'><strong>Abstrahet</strong></span> <span class='ocrx_word' id='word_1_109' title='bbox 348 1798 367 1839; x_wconf 85' lang='lat' dir='ltr'><strong>a</strong></span> <span class='ocrx_word' id='word_1_110' title='bbox 388 1779 499 1840; x_wconf 88' lang='lat' dir='ltr'><strong>nostro</strong></span> <span class='ocrx_word' id='word_1_111' title='bbox 521 1775 650 1859; x_wconf 89' lang='lat' dir='ltr'><strong>pulvere</strong></span> <span class='ocrx_word' id='word_1_112' title='bbox 672 1776 800 1859; x_wconf 88' lang='lat' dir='ltr'><strong>iniquus</strong></span> <span class='ocrx_word' id='word_1_113' title='bbox 821 1778 939 1860; x_wconf 83' lang='lat' dir='ltr'><strong>Amor,</strong></span> 
     </span>
    </p>

    <p class='ocr_par' dir='ltr' id='par_1_11' title="bbox 123 1853 914 2027">
     <span class='ocr_line' id='line_1_19' title="bbox 123 1853 914 1925; baseline 0.005 -4"><span class='ocrx_word' id='word_1_114' title='bbox 123 1853 159 1922; x_wconf 80' lang='lat'><strong>00</strong></span> <span class='ocrx_word' id='word_1_115' title='bbox 182 1863 214 1924; x_wconf 85' lang='lat' dir='ltr'><strong>at</strong></span> <span class='ocrx_word' id='word_1_116' title='bbox 235 1863 268 1924; x_wconf 90' lang='lat' dir='ltr'><strong>et</strong></span> <span class='ocrx_word' id='word_1_117' title='bbox 288 1860 423 1924; x_wconf 85' lang='lat' dir='ltr'><strong>invitam</strong></span> <span class='ocrx_word' id='word_1_118' title='bbox 444 1860 592 1924; x_wconf 83' lang='lat' dir='ltr'><strong>lacrimas</strong></span> <span class='ocrx_word' id='word_1_119' title='bbox 615 1861 734 1924; x_wconf 88' lang='lat' dir='ltr'><strong>siccare</strong></span> <span class='ocrx_word' id='word_1_120' title='bbox 757 1860 914 1925; x_wconf 84' lang='lat' dir='ltr'><strong>cadentes.</strong></span> 
     </span>
     <span class='ocr_line' id='line_1_20' title="bbox 154 1881 831 2027; baseline 0.001 -19"><span class='ocrx_word' id='word_1_121' title='bbox 154 1881 306 2009; x_wconf 70' lang='grc'><strong>1119911111</strong></span> <span class='ocrx_word' id='word_1_122' title='bbox 327 1944 466 2008; x_wconf 86' lang='lat' dir='ltr'><strong>adsiduis</strong></span> <span class='ocrx_word' id='word_1_123' title='bbox 491 1948 577 2008; x_wconf 87' lang='lat' dir='ltr'><strong>certa</strong></span> <span class='ocrx_word' id='word_1_124' title='bbox 597 1945 704 2027; x_wconf 88' lang='lat' dir='ltr'><strong>puella</strong></span> <span class='ocrx_word' id='word_1_125' title='bbox 725 1946 831 2009; x_wconf 90' lang='lat' dir='ltr'><strong>minis.</strong></span> 
     </span>
    </p>

    <p class='ocr_par' dir='ltr' id='par_1_12' title="bbox 122 2023 1070 2197">
     <span class='ocr_line' id='line_1_21' title="bbox 122 2023 1070 2113; baseline 0.002 -23"><span class='ocrx_word' id='word_1_126' title='bbox 122 2023 229 2113; x_wconf 82' lang='lat' dir='ltr'><strong>Quare,</strong></span> <span class='ocrx_word' id='word_1_127' title='bbox 251 2028 327 2093; x_wconf 92' lang='lat' dir='ltr'><strong>dum</strong></span> <span class='ocrx_word' id='word_1_128' title='bbox 349 2030 439 2112; x_wconf 83' lang='lat' dir='ltr'><strong>licet,</strong></span> <span class='ocrx_word' id='word_1_129' title='bbox 461 2030 604 2093; x_wconf 89' lang='lat' dir='ltr'><strong>internos</strong></span> <span class='ocrx_word' id='word_1_130' title='bbox 627 2029 780 2092; x_wconf 86' lang='lat' dir='ltr'><strong>laetemur</strong></span> <span class='ocrx_word' id='word_1_131' title='bbox 801 2032 959 2093; x_wconf 87' lang='lat' dir='ltr'><strong>amantes:</strong></span> <span class='ocrx_word' id='word_1_132' title='bbox 1037 2041 1070 2092; x_wconf 78' lang='lat'><strong>25</strong></span> 
     </span>
     <span class='ocr_line' id='line_1_22' title="bbox 155 2111 910 2197; baseline 0 -20"><span class='ocrx_word' id='word_1_133' title='bbox 155 2111 228 2179; x_wconf 91' lang='lat' dir='ltr'><strong>Non</strong></span> <span class='ocrx_word' id='word_1_134' title='bbox 249 2113 327 2178; x_wconf 89' lang='lat' dir='ltr'><strong>satis</strong></span> <span class='ocrx_word' id='word_1_135' title='bbox 350 2117 399 2178; x_wconf 88' lang='lat' dir='ltr'><strong>est</strong></span> <span class='ocrx_word' id='word_1_136' title='bbox 420 2115 486 2177; x_wconf 92' lang='lat' dir='ltr'><strong>ullo</strong></span> <span class='ocrx_word' id='word_1_137' title='bbox 509 2117 653 2196; x_wconf 89' lang='lat' dir='ltr'><strong>tempore</strong></span> <span class='ocrx_word' id='word_1_138' title='bbox 675 2114 791 2197; x_wconf 84' lang='lat' dir='ltr'><strong>longus</strong></span> <span class='ocrx_word' id='word_1_139' title='bbox 814 2135 910 2177; x_wconf 90' lang='lat' dir='ltr'><strong>amor.</strong></span> 
     </span>
    </p>
   </div>
   <div class='ocr_carea' id='block_1_3' title="bbox 517 2253 665 2261">
    <p class='ocr_par' dir='ltr' id='par_1_13' title="bbox 517 2253 665 2261">
     <span class='ocr_line' id='line_1_23' title="bbox 517 2253 665 2261; baseline 0 -1"><span class='ocrx_word' id='word_1_140' title='bbox 517 2253 665 2261; x_wconf 74' lang='lat'>.—-—--</span> 
     </span>
    </p>
   </div>
   <div class='ocr_carea' id='block_1_4' title="bbox 553 2329 631 2403">
    <p class='ocr_par' dir='ltr' id='par_1_14' title="bbox 553 2329 631 2403">
     <span class='ocr_line' id='line_1_24' title="bbox 553 2329 631 2403; baseline 0.026 -2"><span class='ocrx_word' id='word_1_141' title='bbox 553 2329 631 2403; x_wconf 89' lang='lat' dir='ltr'><strong>XX.</strong></span> 
     </span>
    </p>
   </div>
   <div class='ocr_carea' id='block_1_5' title="bbox 72 2445 1071 3703">
    <p class='ocr_par' dir='ltr' id='par_1_15' title="bbox 72 2445 1071 3703">
     <span class='ocr_line' id='line_1_25' title="bbox 120 2445 970 2537; baseline 0.002 -24"><span class='ocrx_word' id='word_1_142' title='bbox 120 2445 183 2515; x_wconf 88' lang='lat' dir='ltr'><strong>Hoc</strong></span> <span class='ocrx_word' id='word_1_143' title='bbox 203 2474 262 2537; x_wconf 91' lang='lat' dir='ltr'><strong>pro</strong></span> <span class='ocrx_word' id='word_1_144' title='bbox 284 2453 436 2518; x_wconf 90' lang='lat' dir='ltr'><strong>continuo</strong></span> <span class='ocrx_word' id='word_1_145' title='bbox 458 2455 507 2536; x_wconf 88' lang='lat' dir='ltr'><strong>te,</strong></span> <span class='ocrx_word' id='word_1_146' title='bbox 531 2452 637 2533; x_wconf 81' lang='lat' dir='ltr'><strong>Galle,</strong></span> <span class='ocrx_word' id='word_1_147' title='bbox 660 2473 826 2516; x_wconf 86' lang='lat' dir='ltr'><strong>monemus</strong></span> <span class='ocrx_word' id='word_1_148' title='bbox 849 2472 970 2533; x_wconf 86' lang='lat' dir='ltr'><strong>amore,</strong></span> 
     </span>
     <span class='ocr_line' id='line_1_26' title="bbox 153 2533 796 2602; baseline 0 -2"><span class='ocrx_word' id='word_1_149' title='bbox 153 2533 189 2602; x_wconf 92' lang='lat' dir='ltr'><strong>Id</strong></span> <span class='ocrx_word' id='word_1_150' title='bbox 210 2536 269 2602; x_wconf 90' lang='lat' dir='ltr'><strong>tibi</strong></span> <span class='ocrx_word' id='word_1_151' title='bbox 290 2559 332 2602; x_wconf 89' lang='lat' dir='ltr'><strong>ne</strong></span> <span class='ocrx_word' id='word_1_152' title='bbox 353 2559 452 2601; x_wconf 86' lang='lat' dir='ltr'><strong>vacuo</strong></span> <span class='ocrx_word' id='word_1_153' title='bbox 476 2537 592 2601; x_wconf 88' lang='lat' dir='ltr'><strong>defluat</strong></span> <span class='ocrx_word' id='word_1_154' title='bbox 614 2558 651 2600; x_wconf 83' lang='lat' dir='ltr'><strong>ex</strong></span> <span class='ocrx_word' id='word_1_155' title='bbox 675 2537 796 2600; x_wconf 89' lang='lat' dir='ltr'><strong>animo:</strong></span> 
     </span>
     <span class='ocr_line' id='line_1_27' title="bbox 120 2613 877 2706; baseline 0.004 -23"><span class='ocrx_word' id='word_1_156' title='bbox 120 2613 210 2705; x_wconf 82' lang='lat' dir='ltr'><strong>Saepe</strong></span> <span class='ocrx_word' id='word_1_157' title='bbox 230 2622 414 2706; x_wconf 81' lang='lat' dir='ltr'><strong>imprudenti</strong></span> <span class='ocrx_word' id='word_1_158' title='bbox 436 2621 566 2685; x_wconf 87' lang='lat' dir='ltr'><strong>fortuna</strong></span> <span class='ocrx_word' id='word_1_159' title='bbox 588 2622 728 2685; x_wconf 87' lang='lat' dir='ltr'><strong>occurrit</strong></span> <span class='ocrx_word' id='word_1_160' title='bbox 748 2621 877 2687; x_wconf 84' lang='lat' dir='ltr'><strong>amanti.</strong></span> 
     </span>
     <span class='ocr_line' id='line_1_28' title="bbox 154 2704 766 2789; baseline 0 -18"><span class='ocrx_word' id='word_1_161' title='bbox 154 2704 298 2771; x_wconf 78' lang='lat' dir='ltr'><strong>Crudelis</strong></span> <span class='ocrx_word' id='word_1_162' title='bbox 320 2707 439 2789; x_wconf 87' lang='lat' dir='ltr'><strong>Minyis</strong></span> <span class='ocrx_word' id='word_1_163' title='bbox 462 2705 578 2769; x_wconf 84' lang='lat' dir='ltr'><strong>dixerit</strong></span> <span class='ocrx_word' id='word_1_164' title='bbox 598 2706 766 2771; x_wconf 84' lang='lat' dir='ltr'><strong>Ascanius.</strong></span> 
     </span>
     <span class='ocr_line' id='line_1_29' title="bbox 117 2782 1069 2874; baseline 0 -21"><span class='ocrx_word' id='word_1_165' title='bbox 117 2782 170 2854; x_wconf 84' lang='lat' dir='ltr'><strong>llst</strong></span> <span class='ocrx_word' id='word_1_166' title='bbox 189 2791 250 2855; x_wconf 89' lang='lat' dir='ltr'><strong>tibi</strong></span> <span class='ocrx_word' id='word_1_167' title='bbox 270 2812 338 2856; x_wconf 94' lang='lat' dir='ltr'><strong>non</strong></span> <span class='ocrx_word' id='word_1_168' title='bbox 359 2791 444 2853; x_wconf 85' lang='lat' dir='ltr'><strong>infra</strong></span> <span class='ocrx_word' id='word_1_169' title='bbox 466 2790 621 2874; x_wconf 84' lang='lat' dir='ltr'><strong>speciem,</strong></span> <span class='ocrx_word' id='word_1_170' title='bbox 643 2812 710 2854; x_wconf 92' lang='lat' dir='ltr'><strong>non</strong></span> <span class='ocrx_word' id='word_1_171' title='bbox 731 2790 862 2854; x_wconf 90' lang='lat' dir='ltr'><strong>nomine</strong></span> <span class='ocrx_word' id='word_1_172' title='bbox 884 2789 992 2873; x_wconf 86' lang='lat' dir='ltr'><strong>dispar</strong></span> <span class='ocrx_word' id='word_1_173' title='bbox 1053 2799 1069 2853; x_wconf 79' lang='lat'>⁵</span> 
     </span>
     <span class='ocr_line' id='line_1_30' title="bbox 152 2873 845 2958; baseline 0 -19"><span class='ocrx_word' id='word_1_174' title='bbox 152 2873 403 2939; x_wconf 86' lang='lat' dir='ltr'><strong>Thiodamanteo</strong></span> <span class='ocrx_word' id='word_1_175' title='bbox 424 2875 589 2958; x_wconf 87' lang='lat' dir='ltr'><strong>proximus</strong></span> <span class='ocrx_word' id='word_1_176' title='bbox 610 2875 705 2939; x_wconf 88' lang='lat' dir='ltr'><strong>ardor</strong></span> <span class='ocrx_word' id='word_1_177' title='bbox 725 2873 845 2957; x_wconf 84' lang='lat' dir='ltr'><strong>Hylae:</strong></span> 
     </span>
     <span class='ocr_line' id='line_1_31' title="bbox 117 2953 930 3043; baseline 0.001 -22"><span class='ocrx_word' id='word_1_178' title='bbox 117 2953 193 3024; x_wconf 91' lang='lat' dir='ltr'><strong>Huic</strong></span> <span class='ocrx_word' id='word_1_179' title='bbox 214 2961 266 3042; x_wconf 83' lang='lat' dir='ltr'><strong>tu,</strong></span> <span class='ocrx_word' id='word_1_180' title='bbox 289 2960 354 3023; x_wconf 88' lang='lat' dir='ltr'><strong>sive</strong></span> <span class='ocrx_word' id='word_1_181' title='bbox 377 2961 463 3043; x_wconf 85' lang='lat' dir='ltr'><strong>leges</strong></span> <span class='ocrx_word' id='word_1_182' title='bbox 485 2961 654 3023; x_wconf 89' lang='lat' dir='ltr'><strong>umbrosae</strong></span> <span class='ocrx_word' id='word_1_183' title='bbox 676 2959 807 3022; x_wconf 87' lang='lat' dir='ltr'><strong>flumina</strong></span> <span class='ocrx_word' id='word_1_184' title='bbox 830 2957 930 3042; x_wconf 83' lang='lat' dir='ltr'><strong>Silae,</strong></span> 
     </span>
     <span class='ocr_line' id='line_1_32' title="bbox 152 3042 856 3126; baseline -0.004 -17"><span class='ocrx_word' id='word_1_185' title='bbox 152 3043 224 3109; x_wconf 84' lang='lat' dir='ltr'><strong>Sive</strong></span> <span class='ocrx_word' id='word_1_186' title='bbox 245 3044 372 3107; x_wconf 88' lang='lat' dir='ltr'><strong>Aniena</strong></span> <span class='ocrx_word' id='word_1_187' title='bbox 392 3047 465 3107; x_wconf 91' lang='lat' dir='ltr'><strong>tuos</strong></span> <span class='ocrx_word' id='word_1_188' title='bbox 487 3045 618 3108; x_wconf 86' lang='lat' dir='ltr'><strong>tinxerit</strong></span> <span class='ocrx_word' id='word_1_189' title='bbox 639 3042 724 3106; x_wconf 91' lang='lat' dir='ltr'><strong>unda</strong></span> <span class='ocrx_word' id='word_1_190' title='bbox 745 3043 856 3126; x_wconf 86' lang='lat' dir='ltr'><strong>pedes,</strong></span> 
     </span>
     <span class='ocr_line' id='line_1_33' title="bbox 116 3122 783 3213; baseline -0.003 -22"><span class='ocrx_word' id='word_1_191' title='bbox 116 3122 181 3193; x_wconf 82' lang='lat' dir='ltr'><strong>Sive</strong></span> <span class='ocrx_word' id='word_1_192' title='bbox 205 3127 364 3213; x_wconf 84' lang='lat' dir='ltr'><strong>Gigantea</strong></span> <span class='ocrx_word' id='word_1_193' title='bbox 385 3129 563 3211; x_wconf 86' lang='lat' dir='ltr'><strong>spatiabere</strong></span> <span class='ocrx_word' id='word_1_194' title='bbox 585 3128 688 3192; x_wconf 87' lang='lat' dir='ltr'><strong>litoris</strong></span> <span class='ocrx_word' id='word_1_195' title='bbox 711 3147 783 3206; x_wconf 84' lang='lat' dir='ltr'><strong>ora,</strong></span> 
     </span>
     <span class='ocr_line' id='line_1_34' title="bbox 153 3210 1071 3297; baseline -0.003 -20"><span class='ocrx_word' id='word_1_196' title='bbox 153 3212 225 3278; x_wconf 83' lang='lat' dir='ltr'><strong>Sive</strong></span> <span class='ocrx_word' id='word_1_197' title='bbox 246 3213 436 3295; x_wconf 86' lang='lat' dir='ltr'><strong>ubicumque</strong></span> <span class='ocrx_word' id='word_1_198' title='bbox 459 3234 540 3297; x_wconf 87' lang='lat' dir='ltr'><strong>vago</strong></span> <span class='ocrx_word' id='word_1_199' title='bbox 561 3213 701 3276; x_wconf 87' lang='lat' dir='ltr'><strong>fluminis</strong></span> <span class='ocrx_word' id='word_1_200' title='bbox 723 3210 878 3296; x_wconf 84' lang='lat' dir='ltr'><strong>hospitio,</strong></span> <span class='ocrx_word' id='word_1_201' title='bbox 1037 3222 1071 3274; x_wconf 91' lang='lat'><strong>10</strong></span> 
     </span>
     <span class='ocr_line' id='line_1_35' title="bbox 114 3292 932 3382; baseline -0.002 -20"><span class='ocrx_word' id='word_1_202' title='bbox 114 3292 331 3382; x_wconf 84' lang='lat' dir='ltr'><strong>Nympharum</strong></span> <span class='ocrx_word' id='word_1_203' title='bbox 353 3319 478 3380; x_wconf 88' lang='lat' dir='ltr'><strong>semper</strong></span> <span class='ocrx_word' id='word_1_204' title='bbox 500 3298 629 3381; x_wconf 88' lang='lat' dir='ltr'><strong>cupidas</strong></span> <span class='ocrx_word' id='word_1_205' title='bbox 651 3297 784 3360; x_wconf 88' lang='lat' dir='ltr'><strong>defende</strong></span> <span class='ocrx_word' id='word_1_206' title='bbox 805 3297 932 3379; x_wconf 81' lang='lat' dir='ltr'><strong>rapinas</strong></span> 
     </span>
     <span class='ocr_line' id='line_1_36' title="bbox 72 3380 933 3468; baseline -0.003 -21"><span class='ocrx_word' id='word_1_207' title='bbox 72 3406 74 3427; x_wconf 76' lang='lat'><strong>²</strong></span> <span class='ocrx_word' id='word_1_208' title='bbox 152 3382 242 3466; x_wconf 83' lang='lat' dir='ltr'><strong>(Non</strong></span> <span class='ocrx_word' id='word_1_209' title='bbox 263 3383 369 3445; x_wconf 89' lang='lat' dir='ltr'><strong>minor</strong></span> <span class='ocrx_word' id='word_1_210' title='bbox 389 3383 542 3445; x_wconf 86' lang='lat' dir='ltr'><strong>Ausoniis</strong></span> <span class='ocrx_word' id='word_1_211' title='bbox 565 3385 614 3445; x_wconf 91' lang='lat' dir='ltr'><strong>est</strong></span> <span class='ocrx_word' id='word_1_212' title='bbox 635 3402 724 3444; x_wconf 91' lang='lat' dir='ltr'><strong>amor</strong></span> <span class='ocrx_word' id='word_1_213' title='bbox 744 3380 933 3468; x_wconf 83' lang='lat' dir='ltr'><strong>Adryasin),</strong></span> 
     </span>
     <span class='ocr_line' id='line_1_37' title="bbox 72 3462 917 3548; baseline -0.004 -17"><span class='ocrx_word' id='word_1_214' title='bbox 72 3466 74 3531; x_wconf 70' lang='grc' dir='ltr'>ἶ</span> <span class='ocrx_word' id='word_1_215' title='bbox 114 3462 159 3534; x_wconf 85' lang='lat' dir='ltr'><strong>Ne</strong></span> <span class='ocrx_word' id='word_1_216' title='bbox 180 3467 241 3531; x_wconf 88' lang='lat' dir='ltr'><strong>tibi</strong></span> <span class='ocrx_word' id='word_1_217' title='bbox 263 3468 314 3548; x_wconf 87' lang='lat' dir='ltr'><strong>sit,</strong></span> <span class='ocrx_word' id='word_1_218' title='bbox 339 3466 467 3548; x_wconf 89' lang='lat' dir='ltr'><strong>durum,</strong></span> <span class='ocrx_word' id='word_1_219' title='bbox 489 3469 614 3529; x_wconf 90' lang='lat' dir='ltr'><strong>montes</strong></span> <span class='ocrx_word' id='word_1_220' title='bbox 637 3469 670 3529; x_wconf 89' lang='lat' dir='ltr'><strong>et</strong></span> <span class='ocrx_word' id='word_1_221' title='bbox 691 3464 807 3548; x_wconf 71' lang='lat' dir='ltr'><strong>frigida</strong></span> <span class='ocrx_word' id='word_1_222' title='bbox 828 3487 917 3544; x_wconf 84' lang='lat' dir='ltr'><strong>saxa,</strong></span> 
     </span>
     <span class='ocr_line' id='line_1_38' title="bbox 151 3548 932 3635; baseline -0.006 -17"><span class='ocrx_word' id='word_1_223' title='bbox 151 3549 259 3635; x_wconf 84' lang='lat' dir='ltr'><strong>Galle,</strong></span> <span class='ocrx_word' id='word_1_224' title='bbox 281 3572 385 3635; x_wconf 88' lang='lat' dir='ltr'><strong>neque</strong></span> <span class='ocrx_word' id='word_1_225' title='bbox 407 3554 554 3634; x_wconf 86' lang='lat' dir='ltr'><strong>expertos</strong></span> <span class='ocrx_word' id='word_1_226' title='bbox 576 3570 700 3633; x_wconf 89' lang='lat' dir='ltr'><strong>semper</strong></span> <span class='ocrx_word' id='word_1_227' title='bbox 722 3548 807 3612; x_wconf 89' lang='lat' dir='ltr'><strong>adire</strong></span> <span class='ocrx_word' id='word_1_228' title='bbox 829 3549 932 3631; x_wconf 87' lang='lat' dir='ltr'><strong>lacus,</strong></span> 
     </span>
     <span class='ocr_line' id='line_1_39' title="bbox 885 3650 918 3703; baseline 0 -26"><span class='ocrx_word' id='word_1_229' title='bbox 885 3650 918 3703; x_wconf 69' lang='lat'><strong>20</strong></span> 
     </span>
    </p>
   </div>
   <div class='ocr_carea' id='block_1_6' title="bbox 0 0 1201 3990">
    <p class='ocr_par' dir='ltr' id='par_1_16' title="bbox 0 0 1201 3990">
     <span class='ocr_line' id='line_1_40' title="bbox 0 0 1201 3990; baseline 0 0"><span class='ocrx_word' id='word_1_230' title='bbox 0 0 1201 3990; x_wconf 95' lang='lat' dir='ltr'><strong> </strong></span> 
     </span>
    </p>
   </div>
  </div>
 </body>
</html>
