2392 3990
262 557 423 657 SEX.
461 561 919 660 PROPERTII

435 727 745 804 ELEGIARVM
801 793 803 796 .

394 917 536 975 arnna
564 916 781 987 ovrurvs.
906 917 911 926 ·
1025 886 1109 1014 ns

573 1135 601 1210 Ι.

169 1250 252 1332 Hoc
279 1268 497 1351 quodcumque
523 1266 627 1350 vides,
655 1266 786 1414 110εῇ98,
816 1289 878 1350 qua
903 1266 1042 1331 maxima

746 1355 850 1414 omast

213 1438 298 1499 Ante
320 1437 482 1521 Phrygem
503 1437 636 1500 Aenean
658 1435 748 1499 collis
772 1439 804 1499 et
824 1401 924 1498 hdrba
944 1435 1022 1500 fuit:

173 1520 276 1603 Atque
298 1522 353 1584 ubi
374 1521 490 1585 Navali
513 1523 603 1584 stant
624 1541 715 1583 sacra
737 1519 863 1583 Palatia
884 1519 1025 1603 Phoebo,

212 1604 356 1668 Euandri
377 1605 532 1688 profugae
555 1605 752 1668 concubuere
774 1605 880 1668 boves,

137 1686 338 1751 trinalibus
361 1709 487 1752 crevere
510 1689 577 1752 deis
599 1689 678 1752 haec
700 1710 794 1751 aurea
815 1687 946 1771 templa,

211 1771 280 1836 Nec
301 1773 364 1836 fuit
386 1773 557 1855 opprobrio
579 1773 665 1836 facta
687 1773 756 1837 sine
778 1775 845 1836 arte
868 1794 960 1856 casa,

170 1854 384 1940 Tarpeiusque
406 1861 498 1940 pater
520 1858 605 1920 nuda
627 1857 665 1920 de
687 1879 765 1941 rupe
786 1857 938 1939 tonabat,

212 1940 256 2022 Et
277 1942 402 2005 Tiberis
425 1942 543 2006 nostris
565 1942 687 2006 advena
710 1942 813 2005 bubus
836 1944 914 2005 erat.

170 2015 412 2111 Qua‘gradibus
435 2027 546 2090 domus
568 2027 630 2089 ista
651 2026 743 2090 Remi
765 2047 799 2088 sc
821 2025 967 2107 sustulit,
992 2025 1066 2092 olim

120 2121 153 2170 10
209 2109 300 2174 Unus
324 2116 391 2174 erat
411 2112 547 2173 fratrum
568 2111 706 2173 maxima
727 2131 827 2194 regna
848 2111 948 2174 focus,

169 2192 274 2276 Curia,
296 2199 460 2277 praetexto
483 2215 564 2276 quae
585 2216 673 2259 nunc
693 2195 778 2258 nitet
799 2195 864 2257 alta
885 2199 1014 2278 senatu,

211 2277 343 2342 Pellitos
366 2279 493 2359 habuit,
517 2278 637 2341 rustica
658 2279 769 2360 corda,
791 2282 909 2360 patres.

168 2361 292 2426 Bucina
314 2363 449 2448 cogebat
470 2363 593 2446 priscos
616 2362 656 2425 ad
678 2362 774 2426 verba
797 2360 950 2437 Quirites:

210 2445 348 2511 Centum
369 2447 417 2510 illi
439 2447 474 2510 in
494 2451 587 2530 prato
609 2469 702 2531 saepe
724 2450 852 2510 senatus
875 2451 953 2511 erat.

121 2542 151 2592 15
166 2530 235 2595 Nec
258 2532 388 2594 sinuosa
409 2553 485 2595 cavo
508 2531 690 2608 pendebant
713 2532 782 2594 vela
803 2531 946 2615 theatro,

208 2614 337 2698 Pulpita
359 2616 529 2679 sollemnes
551 2638 619 2679 non
642 2616 748 2680 oluere
771 2637 892 2679 crocos

77 2774 80 2780 ¹
170 2698 259 2764 Nulli
282 2722 357 2764 cura
378 2701 441 2765 fuit
462 2704 609 2764 externos
626 2722 779 2783 quaerere
801 2700 906 2782 divos,

210 2782 291 2849 Cum
312 2788 463 2849 tremeret
483 2786 589 2868 patrio
611 2785 749 2867 pendula
770 2783 864 2847 turba
885 2806 991 2869 sacro,

166 2867 345 2952 Annuaque
367 2890 500 2934 accenso
524 2870 683 2933 celebrare
704 2868 822 2932 Parilia
841 2869 953 2950 faen0,

117 2965 151 3013 20
208 2952 321 3028 Qualia
342 2976 429 3018 nunc
451 2957 540 3018 curto
563 2955 665 3016 lustra
686 2957 846 3017 novantur
867 2975 959 3036 equo.
1026 2968 1029 2974 ’

167 3036 265 3100 Vesta
287 3040 447 3103 coronatis
469 3060 589 3121 pauper
611 3038 770 3121 gaudebat
791 3037 912 3120 asellis,

209 3120 379 3187 Ducebant
400 3144 524 3185 macrae
547 3121 622 3184 vilia
644 3144 733 3187 sacra
754 3121 862 3186 boves,

166 3205 268 3270 Parva
289 3209 430 3292 saginati
452 3206 632 3270 lustrabant
654 3207 794 3288 compita
814 3205 913 3290 porci,

208 3291 323 3355 Pastor
346 3297 378 3355 et
399 3292 438 3354 ad
462 3292 600 3354 calamos
624 3296 696 3354 exta
718 3290 831 3374 litabat
853 3291 930 3354 ovis.
1029 3292 1031 3297 ’

118 3388 150 3437 25
165 3375 307 3440 Verbera
329 3376 459 3458 pellitus
481 3378 587 3439 setosa
608 3377 755 3439 movebat
777 3378 892 3456 arator,

208 3460 301 3524 Unde
324 3461 423 3524 licens
446 3460 563 3554 Fabius
587 3482 676 3525 sacra
696 3460 858 3542 Lupercus
881 3459 986 3524 habet.
