2392 3990
505 247 699 303 Paoraarn
1023 247 1076 318 pir

465 440 518 512 m
545 437 727 533 [avan]

182 561 278 628 Nunc
300 564 395 627 etiam
417 562 555 627 inlectos
577 563 706 626 demens
729 563 854 627 imitare
870 561 1057 645 Britannos,

224 646 321 711 Ludis
344 651 377 711 et
398 652 527 711 externo
549 648 652 711 tincta
672 648 777 711 nitore
800 644 917 731 caput?

182 729 228 794 Vt
248 735 362 795 natura
383 731 484 814 dedit,
509 733 554 796 sic
577 731 680 795 omnis
701 735 788 795 recta
808 732 956 816 figurast:
1047 745 1075 792 25

225 815 341 899 Turpis
362 815 507 879 Romano
530 816 680 899 Belgicus
703 838 758 879 ore
781 816 876 880 color.

154 898 239 962 sIlli
261 901 319 964 sub
341 901 436 964 terris
457 901 536 964 fiant
556 900 641 962 mala
662 901 763 963 multa
783 901 922 983 puellae,

225 983 312 1059 Quae
333 985 468 1048 mentita
489 1006 561 1048 suas
582 985 679 1047 vertit
699 986 808 1069 inepta
829 1006 947 1049 comas.

182 1065 231 1131 De
252 1090 319 1150 me,
341 1069 387 1131 mi
408 1072 492 1132 certe
513 1069 633 1152 poteris
654 1068 794 1132 formosa
813 1069 927 1154 videri,

224 1152 272 1216 Mi
292 1153 433 1216 formosa
455 1157 504 1216 sat
525 1174 573 1234 es,
596 1154 624 1216 si
646 1153 740 1217 modo
764 1175 857 1236 saepe
879 1154 978 1219 venis.
1046 1166 1074 1215 ao

182 1237 236 1299 An
258 1237 286 1300 si
308 1237 450 1300 caeruleo
473 1237 627 1320 quaedam
650 1259 707 1300 sua
727 1242 872 1321 tempora
892 1239 967 1302 fuco

135 1333 166 1380 ιο
223 1321 382 1402 Tinxerit,
404 1321 522 1384 idcirco
545 1321 671 1385 caerula
691 1323 795 1385 forma
816 1322 953 1385 bonast‘?

183 1404 264 1469 Cum
284 1406 345 1469 tibi
365 1427 425 1469 nec
445 1407 544 1469 frater
565 1427 625 1469 nec
647 1407 689 1469 sit
710 1407 770 1469 tibi
790 1406 875 1469 filius
896 1406 997 1491 ullus,

224 1489 335 1553 Frater
356 1511 416 1573 ego
440 1493 472 1553 et
492 1490 552 1552 tibi
575 1491 635 1553 sim
656 1490 740 1554 filius
762 1513 844 1553 unus
866 1512 937 1574 eg0.

181 1572 255 1657 Ipse
276 1577 350 1638 tuus
373 1595 497 1656 semper
518 1574 578 1638 tibi
600 1575 642 1638 sit
664 1575 808 1638 custodia
828 1575 929 1638 lectus
936 1625 945 1658 ,
1046 1589 1073 1636 aa

224 1656 293 1721 Neo
313 1658 410 1721 nimis
432 1661 545 1722 ornata
566 1658 672 1723 fronte
694 1660 802 1723 sedere
823 1659 911 1722 velis.

134 1755 165 1802 15
181 1740 317 1805 Credam
339 1763 399 1825 ego
421 1743 580 1825 narranti,
601 1744 670 1806 noli
692 1744 894 1826 conmittere,
917 1744 1035 1809 famae:

223 1824 268 1888 Et
288 1828 406 1889 terram
427 1848 536 1890 rumor
557 1828 698 1891 transilit
719 1832 751 1891 et
771 1827 882 1891 maria.

463 2060 533 2132 ΧΠ
557 2058 735 2152 numu.

180 2180 253 2246 Etsi
273 2204 325 2246 me
347 2182 447 2246 invito
470 2181 620 2266 discedis,
643 2180 797 2265 Cynthia,
819 2182 937 2268 Roma,
1023 2172 1028 2180 ¹

223 2266 338 2330 Laetor
359 2267 444 2349 quod
466 2267 535 2329 sine
555 2287 607 2330 me
629 2265 721 2330 devia
741 2288 814 2329 rura
836 2267 931 2331 coles.

180 2349 297 2415 Nullus
320 2350 381 2413 erit
402 2351 496 2413 castis
518 2350 642 2414 iuvenis
664 2354 830 2433 corruptor
851 2352 885 2415 in
910 2353 1015 2436 agris,

226 2433 287 2508 Qui
308 2437 340 2498 te
362 2434 525 2498 blanditiis
546 2455 614 2498 non
635 2435 719 2497 sinat
740 2456 809 2498 esse
830 2437 978 2520 probam;

153 2518 282 2582 oNulla
302 2539 404 2602 neque
426 2523 500 2582 ante
521 2522 592 2583 tuas
615 2519 734 2583 orietur
754 2520 824 2582 rixa
844 2520 1017 2600 fenestras,

222 2601 292 2667 Nec
312 2603 372 2666 tibi
394 2603 547 2667 clamatae
568 2625 698 2668 somnus
720 2625 845 2666 amarus
867 2606 936 2669 erit.

181 2685 257 2751 Sola
278 2688 338 2751 eris
361 2691 394 2750 et
415 2688 501 2752 solos
523 2688 697 2772 spectabis,
721 2687 873 2771 Cynthia,
895 2694 1021 2754 montes

222 2770 267 2834 Et
286 2792 383 2855 pecus
405 2776 437 2835 et
457 2773 536 2836 fines
558 2773 706 2855 pauperis
728 2774 897 2856 agricolae.

180 2856 253 2920 Illic
273 2859 306 2919 te
326 2857 407 2919 nulli
428 2860 579 2940 poterunt
601 2878 800 2940 corrumpere
823 2857 891 2921 ludi

133 2955 164 3000 lo
220 2939 369 3023 Fanaque
390 2942 529 3024 peccatis
550 2941 689 3024 plurima
710 2962 804 3005 causa
824 2943 905 3006 tuis:

180 3023 251 3088 Illic
273 3024 404 3088 adsidue
426 3028 534 3088 tauros
557 3025 713 3107 spectabis
736 3030 863 3090 arantes

221 3108 266 3172 Et
286 3110 384 3173 vitem
404 3109 498 3173 docta
518 3130 636 3193 ponere
656 3109 738 3172 falce
760 3131 881 3194 comas,

179 3195 286 3276 Atque
307 3194 353 3257 ibi
374 3216 445 3256 rara
465 3194 548 3257 feres
571 3194 690 3256 inculto
713 3197 784 3257 tura
806 3197 939 3279 sacello,

221 3276 350 3342 Haedus
371 3278 427 3340 ubi
449 3282 589 3361 agrestes
612 3282 737 3342 corruet
758 3282 832 3344 ante
852 3282 958 3363 focos,

133 3378 162 3425 15
178 3362 329 3427 Protinus
351 3365 384 3424 et
403 3361 489 3424 nuda
511 3361 642 3426 choreas
664 3362 828 3427 imitabere
850 3386 938 3451 sura3

222 3446 339 3512 Omnia
360 3447 400 3509 ab
423 3450 552 3509 externo
576 3447 642 3509 sint
662 3447 757 3511 modo
779 3453 849 3512 tuta
869 3449 948 3515 viro.

179 3533 253 3618 Ipse
276 3551 336 3615 ego
358 3531 512 3596 venabor:
535 3532 598 3596 iam
619 3553 705 3595 nunc
727 3555 777 3598 me
800 3554 889 3599 sacra
910 3536 1034 3604 Dianae
