2392 3990
106 228 149 296 28
495 241 689 297 Paocaarn
1011 240 1076 312 [vr.

560 432 610 505 VI

171 551 247 618 Nou
269 554 315 618 ita
336 555 529 638 conplebant
549 554 717 639 Ephyreae
738 554 854 619 Laidos
876 554 984 635 aedes,

213 639 265 701 Ad
287 638 376 702 cuius
397 641 494 703 iacuit
517 639 650 704 Graecia
670 643 740 704 tota
761 641 860 721 lorea,

170 719 277 786 Turba
297 723 509 788 Menandreae
529 725 633 788 fuerat
654 746 713 788 nec
735 723 874 787 Thaidos
896 724 973 787 clini

163 816 172 832 ⁶
214 807 330 887 Tanta,
352 808 387 871 in
409 830 472 892 qua
492 810 629 893 populus
652 809 729 872 lusit
749 807 994 890 Erichthonius,

142 889 242 956 oNec
264 914 344 975 quae
366 892 485 956 deletas
507 894 612 977 potuit
634 913 814 976 conponere
837 892 978 974 ThebaS,

214 975 340 1059 Phryne
361 981 429 1040 tam
450 978 559 1042 multis
581 977 666 1041 facta
688 979 780 1041 beata
802 977 887 1040 viris

170 1058 254 1135 Quin
276 1062 372 1125 etiam
392 1062 492 1125 falsos
514 1063 608 1146 fingis
630 1063 690 1126 tibi
712 1083 806 1144 saepe
827 1060 1042 1145 propinquos,

214 1144 330 1209 Oscula
351 1167 411 1210 nec
433 1147 547 1210 desunt
569 1147 624 1228 qui
643 1147 704 1210 tibi
726 1146 793 1210 iure
815 1146 929 1209 ferant.

169 1228 222 1292 Me
243 1230 393 1293 iuvenum
413 1232 516 1314 pictae
539 1231 636 1294 facies
642 1281 651 1313 ,
674 1253 725 1294 me
747 1231 879 1293 nomina
901 1229 1049 1304 laedunt,

121 1327 153 1374 10
209 1314 262 1377 Me
283 1317 374 1378 tener
395 1315 430 1378 in
452 1316 542 1379 cunis
564 1317 597 1378 et
619 1315 686 1378 sine
708 1336 786 1379 voce
807 1336 900 1398 puer,

168 1397 222 1461 Me
244 1399 357 1482 laedit,
380 1401 408 1462 si
430 1400 531 1462 multa
551 1400 611 1462 tibi
634 1399 722 1463 dedit
743 1399 851 1462 oscula
872 1401 994 1481 mater,

211 1482 264 1548 Me
286 1505 377 1547 soror
398 1488 431 1547 et
452 1505 523 1549 cum
546 1505 625 1566 quae
647 1484 765 1547 dormit
786 1484 887 1546 amica
909 1483 1020 1546 simul:

104 1628 107 1634 .
169 1565 285 1631 Omnia
299 1590 350 1632 me
365 1568 508 1632 laedunt:
531 1568 661 1631 timidus
676 1590 747 1631 sum
764 1568 908 1652 (ignosce
922 1567 1047 1652 timori)

211 1651 256 1714 Et
276 1653 373 1715 miser
395 1653 430 1715 in
450 1653 558 1716 tunica
580 1653 722 1735 suspicor
745 1674 813 1716 esse
834 1652 946 1722 virum.

122 1747 153 1796 15
169 1735 229 1799 His
251 1736 345 1820 olim,
368 1740 405 1800 ut
425 1737 555 1821 famast,
578 1738 664 1800 vitiis
686 1737 727 1801 ad
747 1736 869 1820 proelia
889 1739 1068 1818 ventumst,

209 1819 270 1883 His
292 1820 430 1884 Troiana
450 1822 538 1885 vides
560 1821 673 1885 funera
693 1821 869 1916 principiis
892 1905 898 1917 ι

167 1904 289 2052 Aspera
312 1904 488 2004 Centauros
511 1906 620 1970 eadem
643 1906 808 2002 dementia·
822 1908 915 2001 russrt

167 1989 1048 2159 Ourrdiiagrirhlaupietadrheilsildiluriiiffllhadiffiiiiisuffuctor,

117 2171 150 2218 20
207 2157 354 2223 Nutritus
378 2160 489 2243 durae,
511 2159 663 2241 Romule,
686 2161 767 2223 lacte
790 2160 821 2221 lu
846 2180 897 2222 ae:

166 2242 215 2305 Tu
236 2266 348 2326 rapere
369 2245 505 2308 intactas
529 2244 664 2307 docuisti
686 2245 806 2327 inpune
822 2182 980 2308 pSabinas:
1076 2329 1079 2333 .

207 2327 269 2391 Per
292 2332 323 2391 te
344 2350 430 2392 nunc
452 2328 572 2392 Romae
595 2328 750 2410 quidlibet
776 2328 870 2391 audet
890 2328 1001 2393 Amor.

165 2411 255 2476 Felix
277 2412 408 2475 Admeti
430 2413 569 2475 coniunx
591 2417 623 2475 et
645 2414 745 2477 lectus
768 2411 886 2494 this,

207 2496 253 2560 Et
274 2517 488 2579 quaecumque
510 2497 569 2560 viri
591 2497 712 2561 femina
733 2497 831 2560 limen
852 2500 946 2560 amat.

115 2593 149 2641 25
164 2579 297 2663 Templa
318 2581 493 2645 Pudicitiae
516 2581 592 2665 quid
613 2604 693 2665 opus
716 2582 864 2646 statuisse
886 2581 1000 2664 puellis
1007 2630 1018 2664 ,

209 2665 243 2730 Si
266 2666 365 2729 cuivis
387 2669 505 2786 nappae
528 2666 684 2750 quidhbet
702 2688 774 2788 psse
796 2665 895 2730 licet?

579 2799 597 2837 a

165 2851 252 2928 Quae
274 2873 387 2914 manus
411 2853 583 2915 obscaenas
606 2853 750 2936 depinxit
771 2853 874 2936 prima
894 2852 1031 2916 tabellas

207 2937 251 2999 Et
272 2937 380 3019 posuit
403 2941 491 3001 casta
512 2938 618 3020 turpia
639 2937 708 3000 visa
729 2937 824 3000 domo
830 2987 839 3019 ,

164 3019 225 3083 Illa
246 3021 423 3103 puellarum
444 3021 601 3106 ingenuos
624 3023 766 3105 corrupit
788 3022 905 3085 ocellos

115 3120 148 3169 so
205 3104 437 3188 Nequitiaeque
460 3127 534 3169 suae
556 3106 660 3168 noluit
682 3128 750 3170 esse
771 3107 875 3170 rudes.

164 3193 195 3255 A
216 3193 339 3274 gemat,
362 3191 397 3253 in
417 3191 512 3254 terris
532 3191 594 3253 ista
613 3191 667 3273 qui
688 3192 823 3274 protth
844 3194 912 3254 arte

206 3273 316 3359 Iurgia
337 3275 395 3338 sub
417 3275 514 3338 tacita
536 3274 665 3338 condita
687 3276 817 3339 laetitia.

163 3360 241 3426 Non
261 3360 332 3423 istis
356 3359 432 3422 olim
455 3360 621 3422 variabant
641 3365 727 3423 tecta
749 3361 874 3444 figuris:

206 3444 288 3509 Tum
309 3445 413 3529 paries
435 3444 524 3507 nullo
549 3444 680 3508 crimine
702 3445 804 3527 pictus
828 3447 904 3508 erat,

695 3532 713 3568 ὅ

449 3529 467 3566 *

570 3574 592 3616 dt
