2392 3990
59 272 92 340 1.]
457 270 565 325 amsa
585 270 620 326 v.

60 432 206 497 ‘lunonis
227 432 325 498 facito
347 437 457 497 votum
479 433 682 517 inpetrabile’
706 430 786 498 dixi:

101 516 163 581 Illa
184 519 285 600 parit:
308 518 399 582 libris
421 522 470 582 est
492 518 566 581 data
586 518 695 601 palma
716 518 806 581 meis.

58 601 131 665 Hoc
153 622 256 684 neque
279 623 448 666 arenosum
467 601 587 685 Libyae
609 600 695 665 lovis
718 602 858 685 explieat
879 603 1005 666 antrum

101 688 170 750 Aut
192 686 254 750 sibi
276 687 453 751 conmissos
475 686 555 750 fibra
576 685 682 750 locuta
703 685 789 768 deos,

62 772 130 834 Aut
151 771 251 853 siquis
273 775 377 834 motas
400 771 537 835 comicis
560 770 698 834 senserit
719 769 801 852 alas,
978 783 1026 830 105

101 854 264 919 Vmbrare
286 876 365 938 quae
387 855 520 940 magicis
541 857 668 918 mortua
688 854 796 938 prodit
817 854 919 938 aquis.

60 939 279 1023 Adspicienda
300 940 383 1004 viast
405 941 485 1004 caeli
507 959 662 1022 verusque
683 958 742 1021 per
762 942 849 1003 astra

10 1032 12 1083 ἑ
103 1023 235 1088 Trames
258 1027 291 1088 et
312 1025 352 1087 ab
375 1025 465 1087 zonis
488 1024 628 1107 quinque
650 1022 790 1107 petenda
810 1023 898 1087 fides.

59 1107 254 1192 Exemplum
299 1130 372 1173 rave
396 1109 457 1172 erit
472 1107 621 1174 Calchas:
645 1128 783 1190 namque
798 1108 915 1172 Aulide
931 1108 1027 1172 solvit

96 1192 164 1257 ,1110
186 1193 267 1256 bene
313 1197 456 1256 aerentes
478 1192 517 1256 ad
539 1193 593 1276 pia
614 1213 691 1255 saxa
711 1196 812 1257 rates:
977 1205 1027 1255 110

60 1277 151 1342 Idem
174 1277 450 1360 Agamemnoniae
465 1277 584 1341 ferrum
606 1277 728 1340 cervice
749 1277 874 1360 puellae

104 1362 230 1443 Tinxit,
255 1365 287 1425 et
309 1361 439 1425 Atrides
461 1361 532 1425 vela
554 1364 686 1424 cruenta
708 1360 812 1425 dedit:

60 1445 131 1511 Nec
153 1446 274 1508 rediere
296 1450 404 1509 tamen
427 1443 544 1511 Danai:
567 1449 604 1509 tu
626 1445 733 1509 diruta
753 1445 864 1509 fletum

105 1529 275 1613 supprime
297 1536 329 1594 et
349 1530 511 1595 Euboicos
532 1529 665 1614 respice,
687 1529 793 1612 Troia,
816 1531 914 1595 sinus.

61 1614 220 1698 Nauplius
242 1615 362 1679 ultores
384 1615 443 1679 sub
464 1619 593 1679 noctem
614 1614 753 1699 porrigit
773 1615 880 1699 ignes,
979 1627 1027 1677 115

105 1699 150 1762 Et
170 1704 262 1762 natat
284 1700 405 1763 exuviis
430 1699 563 1764 Graecia
584 1720 695 1783 pressa
717 1698 793 1762 suis.

62 1783 176 1848 Victor
199 1783 332 1867 Oiliade,
355 1805 431 1866 rape
452 1805 540 1848 nunc
562 1789 595 1848 et
616 1782 714 1868 dilige
734 1787 852 1866 vatem,

106 1867 208 1943 Quam
230 1872 319 1931 vetat
340 1869 434 1932 avelli
456 1872 542 1932 veste
564 1867 710 1931 Minerva
730 1889 796 1931 sua.

61 1951 228 2018 Hactenus
250 1952 419 2017 historiae:
441 1973 528 2016 nuno
550 1951 589 2015 ad
611 1955 667 2014 tua
688 1951 826 2015 deuehar
848 1955 950 2017 astra:

105 2036 217 2120 Incipe
240 2041 276 2101 tu
299 2037 438 2101 lacrimis
461 2058 580 2120 aequus
595 2036 705 2099 adesse
720 2037 822 2100 novis.
979 2050 1028 2099 120

61 2119 197 2186 Vmbria
218 2125 251 2185 10
272 2122 359 2185 notis
382 2123 514 2205 antiqua
534 2119 709 2185 Penatibus
731 2119 813 2202 edit,

108 2205 286 2290 (Mentior?
310 2228 351 2269 an
373 2207 496 2290 patriae
518 2205 663 2290 tangitur
685 2225 742 2268 ora
763 2204 875 2291 tunel)

63 2288 134 2366 Qua
156 2290 310 2354 nebulosa
332 2312 408 2355 cavo
432 2294 520 2355 rorat
541 2290 689 2354 Mevania
711 2309 839 2372 campo,

105 2374 150 2438 Et
170 2375 257 2438 lacus
280 2376 414 2440 aestivis
428 2376 456 2439 si
479 2374 695 2459 tepethber
716 2373 822 2456 aquis,

63 2458 315 2542 Scandentisque
337 2461 425 2523 Asisi
447 2459 613 2543 consurgit
634 2457 752 2522 vertice
774 2478 900 2543 murus,
980 2473 1028 2521 125

106 2543 217 2607 Murus
240 2544 280 2607 ab
302 2545 432 2628 ingenio
454 2545 563 2608 notior
583 2543 638 2607 ille
659 2547 726 2607 tue.

63 2627 207 2711 Ossaque
230 2629 339 2712 legisti
360 2650 427 2692 non
450 2628 507 2692 illa
528 2630 632 2691 aetate
655 2627 791 2712 legenda

106 2711 212 2777 Patris
236 2718 268 2777 et
289 2713 324 2777 in
346 2718 457 2777 tenues
480 2713 604 2797 cogeris
627 2711 695 2796 ipse
713 2710 825 2775 Lares:

63 2796 149 2862 Nam
170 2801 226 2860 tua
248 2819 319 2861 cum
341 2799 434 2862 multi
457 2800 620 2862 versarent
640 2817 715 2859 rura
735 2795 875 2878 iuvenci,

106 2882 252 2945 Abstulit
274 2884 414 2946 excultas
435 2882 557 2966 pertica
577 2881 681 2944 tristis
703 2901 789 2963 opes.
980 2894 1029 2944 130

63 2965 140 3030 Mox
164 2967 218 3030 ubi
240 2967 328 3030 bulla
348 2966 419 3030 rudi
442 2966 609 3031 demissast
630 2985 724 3028 aurea
745 2963 844 3046 collo,

107 3049 221 3113 Matris
244 3054 372 3115 etanta
395 3051 470 3115 deos
493 3051 594 3115 libera
615 3052 742 3130 sumpta
762 3050 853 3132 toga,

64 3134 146 3199 Tum
168 3134 228 3197 tibi
250 3156 350 3217 pauca
372 3156 429 3199 suo
452 3134 491 3199 de
513 3134 654 3199 carmine
676 3132 776 3195 dietat
796 3133 915 3216 Apollo

107 3219 151 3283 Et
172 3225 260 3282 vetat
281 3220 395 3282 insano
417 3219 515 3283 verba
535 3223 648 3282 tonare
670 3216 751 3281 foro.

64 3305 111 3368 At
131 3309 168 3366 tu
189 3303 275 3388 finge
298 3304 424 3388 elegos,
448 3303 546 3366 fallax
568 3324 657 3386 opus,
678 3300 757 3363 haee
771 3301 827 3363 tua
842 3307 956 3388 castra,
980 3317 1027 3366 135

108 3387 233 3451 Scribat
255 3391 291 3450 ut
313 3388 458 3471 exemplo
481 3392 585 3452 cetera
606 3385 700 3450 turba
720 3386 787 3447 tue.

65 3471 212 3536 Militiam
237 3470 371 3536 Veneris
394 3472 518 3536 blandis
541 3472 661 3555 patiere
683 3469 741 3532 sub
764 3471 862 3535 armis

107 3556 152 3620 Et
173 3555 308 3621 Veneris
329 3558 436 3640 pueris
458 3558 548 3622 utilis
570 3555 673 3622 hostis
696 3554 769 3620 eris.
