2392 3990
132 239 173 304 48
513 243 723 298 prorsum
976 241 1089 310 [armi.

134 470 139 487 Ἰ,
238 409 296 472 ille
318 411 391 473 tuus
413 430 536 492 pennas
559 411 624 470 tam
646 407 710 471 ailo
732 407 829 471 vertit
850 405 961 469 amor?

478 493 495 531 s
725 492 743 531 a

196 577 378 644 contendat
398 600 523 642 meeum
546 540 692 661 ingbnio,
716 576 889 641 contendat
911 579 943 640 ei
964 580 1046 660 arie,

238 663 277 727 ln
298 663 409 745 primis
431 684 497 726 una
518 662 619 726 diseat
640 683 745 725 amare
767 662 878 725 domo:

195 747 228 812 si
245 749 370 812 libitum
384 747 444 811 tibi
459 747 533 830 erit,
548 746 704 810 Lernaeas
720 750 843 831 pugnet
856 746 896 809 ad
911 744 1028 828 hydras
1058 758 1083 804 25

147 845 179 893 10
235 832 279 896 Et
300 832 359 896 tibi
381 832 421 896 ab
443 831 599 915 Hesperio
622 831 706 894 mala
728 831 863 894 dracone
883 832 980 913 ferai,

194 916 283 980 Trita
304 939 427 981 venena
447 916 551 980 libens
574 920 607 980 et
627 916 800 999 naufragus
823 916 931 980 ebibat
951 915 1051 979 undas

235 1001 280 1065 Er
300 1023 474 1084 numquam
494 1022 553 1084 pro
575 1005 608 1064 te
631 999 767 1085 deneget
789 1022 857 1064 esse
878 1001 976 1064 miser

194 1085 295 1168 (Quos
310 1088 433 1151 ubinam
447 1087 482 1148 in
496 1085 600 1167 nobis,
616 1086 691 1168 vila,
707 1087 867 1168 experiare
882 1085 1008 1148 labores
1016 1085 1053 1170 !):

235 1170 303 1234 lam
324 1171 384 1233 tibi
406 1169 445 1233 de
466 1170 586 1233 timidis
609 1170 670 1233 iste
691 1169 845 1252 superbus
868 1170 941 1251 erit,
1056 1177 1083 1226 30

145 1266 176 1316 15
192 1253 253 1330 Qui
268 1276 354 1319 nunc
369 1276 402 1318 se
418 1255 453 1318 in
467 1254 624 1318 tumidum
638 1255 785 1318 iactando
799 1255 889 1317 venii
898 1253 1065 1318 honorem:

235 1337 412 1403 Discidium
434 1339 525 1402 vobis
547 1340 710 1421 proximus
732 1361 834 1402 annus
857 1338 928 1402 erit.

192 1424 239 1487 At
259 1446 310 1488 me
332 1446 397 1487 non
420 1429 506 1487 aetas
529 1424 666 1487 mutabit
686 1426 755 1486 lota
777 1422 932 1505 Sibyllae,

235 1507 310 1571 Non
332 1509 423 1572 labor
444 1507 591 1590 Aloidae,
613 1530 679 1572 non
700 1509 795 1592 niger
815 1509 870 1571 ille
893 1507 970 1575 dies.

192 1591 241 1655 Tu
262 1615 334 1656 mea
355 1614 517 1676 conponas
539 1596 572 1656 et
594 1592 678 1657 dices
701 1600 807 1673 ‘ossa,
831 1592 995 1676 Properti,
1056 1603 1082 1650 ³5

142 1688 176 1736 20
233 1675 322 1741 Haec
343 1680 398 1740 lua
420 1680 509 1740 sunt:
533 1677 613 1740 eheu
634 1681 669 1740 iu
691 1677 770 1740 mihi
793 1681 897 1741 certus
921 1699 1004 1761 eras,

193 1758 306 1824 Curius
329 1784 398 1825 eras
420 1760 515 1842 eheu,
539 1762 681 1844 quamvis
703 1783 763 1825 neo
785 1763 940 1846 sanguine
963 1763 1046 1826 avito

234 1844 361 1909 Nobilis
384 1848 417 1910 et
438 1848 580 1928 quamvis
602 1846 680 1909 haut
702 1848 747 1909 ita
769 1846 855 1910 dives
878 1855 969 1911 eras'

191 1927 247 1994 Nil
263 1951 322 2014 ego
337 1952 403 1997 non
419 1932 521 2013 patiar
526 1981 535 2013 ,
550 1953 723 2014 numquam
737 1954 788 1995 me
801 1931 917 1995 iniuria
930 1934 1046 1995 mutat:

234 2013 328 2079 Ferre
344 2037 403 2099 ego
419 2016 593 2079 formosam
607 2016 731 2079 nullum
746 2038 826 2080 onus
843 2037 910 2079 esse
926 2020 1012 2098 puto.
1055 2027 1083 2075 4⁰

142 2111 175 2158 25
192 2097 294 2162 Credo
317 2122 377 2184 ego
400 2123 466 2164 non
488 2122 605 2182 pauoos
628 2102 689 2164 isba
710 2102 842 2183 periisse
863 2101 979 2184 figura,

234 2182 337 2248 Credo
360 2207 421 2268 ego
444 2186 499 2248 sed
520 2186 639 2249 multos
660 2206 726 2248 non
747 2185 895 2249 habuisse
917 2184 1022 2249 fidem.

190 2266 293 2331 Parvo
316 2268 426 2332 dilexit
448 2270 550 2351 spatio
568 2269 711 2332 Minoida
732 2268 886 2350 Theseus,

232 2351 380 2435 Phyllida
394 2352 622 2435 Demophoon,
637 2352 753 2435 hospes
768 2359 900 2437 uterque
914 2354 1025 2420 malus.

190 2435 258 2499 lam
281 2438 340 2500 nbi
362 2437 490 2500 Iasonia
510 2441 620 2501 noiast
640 2436 753 2500 Medea
774 2439 883 2501 carina
1056 2453 1085 2499 45

142 2531 176 2580 30
232 2520 276 2583 Et
298 2523 392 2585 modo
415 2525 539 2585 servato
563 2523 631 2585 sola
651 2523 764 2586 relicta
785 2524 864 2586 viro.

191 2603 324 2687 Durasi,
346 2627 426 2688 quae
440 2607 549 2670 multis
565 2607 747 2670 simulatum
761 2607 855 2691 fingit
870 2629 1024 2691 amorem,

233 2689 278 2753 nt
299 2711 332 2753 se
354 2691 426 2773 plus
447 2692 503 2754 uni
525 2692 615 2773 siqua
637 2714 748 2774 parare
770 2696 884 2774 potest.

190 2770 269 2837 Noli
290 2775 466 2856 nobilibus,
488 2776 556 2839 noli
578 2776 721 2840 conferre
744 2777 859 2841 beatis:

232 2857 296 2921 Vix
317 2861 419 2941 venii,
442 2864 582 2923 extremo
605 2861 659 2943 qui
680 2860 768 2944 legat
790 2883 862 2924 ossa
883 2861 949 2942 die3
1057 2877 1088 2926 50

141 2953 174 3004 35
189 2941 233 3006 Ni
248 2943 307 3006 libi
321 2965 381 3007 nos
396 2945 527 3008 erimus:
544 2944 598 3008 sed
613 2949 648 3007 tu
664 2946 770 3027 polius
785 2967 897 3028 precor
911 2951 948 3009 ui
961 2969 1012 3011 me

233 3025 389 3092 Demissis
410 3029 544 3114 plangas
567 3033 697 3115 pectora
720 3030 806 3093 nuda
826 3031 935 3095 comis.

487 3245 555 3316 xx
584 3245 724 3336 [xxvi.

190 3364 295 3429 Vnica
315 3369 392 3429 nala
413 3388 484 3430 meo
507 3367 719 3450 pulcherrima
742 3390 816 3432 cura
838 3369 956 3450 dolori,

234 3450 384 3513 Excludii
405 3452 555 3533 quoniam
578 3473 646 3515 sors
668 3474 739 3516 mea
762 3457 871 3536 ‘saepe
893 3455 996 3539 veni',

191 3532 257 3598 Ista
279 3536 358 3600 meis
380 3536 435 3598 fiet
455 3537 624 3600 notissima
645 3538 748 3601 forma
770 3539 902 3622 libellis,
