2392 3990
55 113 146 184 vni]
446 113 555 168 niusa
575 114 610 170 v.
967 112 1024 171 111
1113 177 1117 184 ,

54 273 174 340 Nanus
196 275 318 360 etipse
341 297 416 340 suos
438 277 576 340 breviter
597 278 764 341 concretus
786 276 821 340 in
843 279 930 341 artus

102 359 248 423 lactabat
268 364 397 424 truncas
420 361 461 424 ad
483 383 560 425 cava
581 361 665 425 buxa
685 383 808 425 manus.

55 443 124 508 Sed
145 466 249 527 neque
271 445 426 528 suppletis
448 446 617 510 constabat
637 446 766 510 flamma
786 445 940 527 lucernis,

102 528 248 592 Reccidit
268 530 365 613 inque
388 550 462 593 suos
484 552 596 594 mensa
617 531 732 615 supina
752 530 858 614 pedes.

55 611 113 676 Me
136 634 261 696 quoque
275 635 332 697 per
353 614 436 677 talos
451 615 611 679 Venerem
632 617 802 698 quaerente
818 614 972 680 secundos
992 628 1025 676 so

102 696 235 780 Semper
256 698 402 764 damnosi
425 699 600 763 subsiluere
623 721 726 764 canes.

56 779 243 847 Cantabant
265 783 375 865 surdo,
397 783 564 846 nudabant
584 787 715 866 pectora
736 805 845 849 caeco:

101 866 235 930 Lanuvii
258 868 438 950 adportas,
462 867 491 933 ei
512 867 607 951 mihi,
630 869 716 932 solus
738 890 839 953 eram3

57 948 141 1016 Cum
164 951 269 1014 subito
291 953 379 1015 rauci
401 955 574 1017 sonuerunt
596 952 725 1017 cardine
747 957 871 1036 postes,

100 1034 145 1098 ut
166 1036 250 1099 levia
271 1035 311 1099 ad
333 1037 452 1119 primos
474 1059 636 1101 murmura
656 1038 743 1102 facta
763 1037 869 1102 Lares.
989 1051 1024 1100 50

57 1118 127 1183 Nec
149 1141 249 1202 mora,
272 1141 346 1185 oum
367 1123 452 1184 totas
474 1123 639 1205 resupinat
661 1121 800 1205 Cynthia
820 1122 937 1204 valvas,

100 1203 177 1268 Non
199 1226 333 1287 operosa
355 1207 469 1288 comiS,
492 1205 548 1270 sed
569 1206 741 1270 furibunda
763 1206 889 1273 decens.

57 1287 178 1352 Pocula
198 1290 244 1352 mi
266 1289 385 1374 digitos
407 1291 492 1353 inter
514 1291 656 1355 cecidere
676 1291 838 1374 remissos,

98 1372 348 1458 Pallueruntque
369 1375 440 1458 ipso
463 1374 553 1439 labra
574 1376 679 1440 soluta
699 1396 797 1440 merc.

57 1457 221 1521 Fulminat
242 1459 299 1522 illa
320 1459 420 1522 oculis
443 1461 476 1522 et
496 1463 650 1543 quantum
671 1460 791 1524 femina
812 1459 921 1544 saevit,
989 1474 1021 1522 55

101 1541 303 1624 Spectaclum
326 1546 419 1627 capta
439 1564 500 1607 nec
520 1544 626 1609 minus
647 1546 726 1610 urbe
746 1544 818 1608 fuit.

56 1626 224 1708 Phyllidos
246 1628 347 1691 iratos
367 1628 402 1690 in
424 1628 547 1692 voltum
569 1629 688 1694 conicit
708 1650 848 1714 ungues:

99 1711 225 1774 Territa
246 1711 367 1775 vicinas
389 1711 467 1775 Teia
489 1712 605 1776 clamat
625 1736 733 1798 aquas.

59 1794 196 1858 Lumina
218 1797 340 1877 sopitos
360 1797 493 1860 turbant
514 1796 596 1860 elata
618 1798 765 1881 Quirites,

99 1879 212 1943 Omnis
235 1884 267 1943 et
288 1880 402 1944 insana
423 1881 536 1944 semita
556 1885 652 1945 nocte
675 1887 776 1948 sonat.
986 1896 1020 1945 oo

57 1963 135 2028 Illas
158 1964 353 2048 direptisque
375 1966 475 2029 comis
496 1966 677 2049 tunicisque
699 1967 813 2031 solutis

97 2047 229 2132 Excipit
250 2048 402 2112 obscurae
424 2049 528 2133 prima
548 2051 683 2114 taberna
703 2051 781 2115 riae.

56 2132 197 2215 Cynthia
217 2133 335 2217 gaudet
357 2133 391 2196 in
414 2134 534 2198 exuviis
555 2135 732 2219 victrixque
753 2136 888 2200 recurrit

97 2217 142 2280 Et
162 2239 233 2281 mea
255 2239 404 2301 perversa
426 2219 547 2283 sauciat
569 2240 626 2283 ora
646 2241 744 2284 manu
870 2260 873 2267 ·

59 2302 248 2384 [nponitque
269 2304 380 2365 notam
403 2303 485 2367 collo
508 2325 678 2388 morsuque
701 2307 856 2387 cruentat,
987 2319 1019 2367 oo

97 2385 332 2469 Praecipueque
354 2387 473 2471 oculos,
496 2388 551 2471 qui
572 2410 724 2471 meruere,
747 2389 831 2454 ferit.

55 2471 161 2553 Atque
182 2470 237 2533 ubi
257 2470 323 2534 iam
343 2470 463 2535 nostris
484 2471 616 2536 lassarit
636 2473 766 2537 brachia
787 2474 908 2558 plagis,

96 2553 278 2639 Lygdamus
300 2555 340 2619 ad
361 2556 462 2640 plutei
483 2556 586 2620 fulcra
605 2557 735 2622 sinistra
757 2559 860 2622 latens

54 2638 202 2717 Eruitur,
224 2639 417 2724 geniumque
437 2663 544 2703 meum
565 2644 743 2724 prostratus
771 2642 891 2707 adorat

96 2723 267 2806 Lygdame,
289 2725 337 2787 nil
359 2725 465 2808 potui:
487 2729 593 2789 tecum
616 2747 676 2810 ego
699 2730 809 2810 captus
832 2748 928 2791 eram.
985 2741 1035 2790 ro·

55 2807 99 2872 Su
123 2807 259 2890 plicibus
281 2809 396 2891 palmis
418 2814 485 2872 tum
509 2810 636 2873 demum
657 2809 698 2874 ad
719 2811 850 2876 foedera
871 2814 952 2893 veni,

97 2831 177 2956 dum
199 2891 252 2954 rix
273 2893 622 2991 tangendostpraebuit
642 2894 698 2958 illa
718 2895 830 2978 pedes,

55 2976 160 3059 Atque
183 2976 228 3038 ait
250 2975 418 3040 ‘admissae
440 3000 468 3041 s1
490 3001 537 3042 vis
560 3000 611 3041 me
632 2978 798 3063 ignoscere
821 2980 941 3065 culpae,

97 3061 225 3143 Accipe,
248 3081 328 3209 quae
349 3063 478 3124 nostrae
500 3063 638 3126 formula
658 3062 832 3160 legiserit.

54 3144 258 3294 Tquqqppm
279 3229 432 3292 lascivum
453 3233 575 3294 sternet
595 3253 691 3295 arena
711 3233 826 3296 forum.

53 3312 145 3379 Colla
167 3334 242 3378 cave
263 3313 406 3377 inflectas
429 3313 469 3377 ad
490 3336 649 3379 summum
664 3317 793 3400 obliqua
813 3317 973 3382 theatrum

94 3399 162 3461 Aut
182 3397 296 3464 lectica
316 3401 389 3462 tuae
411 3398 495 3462 sidat
515 3403 625 3483 aperta
645 3422 763 3467 morae.

275 3144 400 3226 ompeia
421 3147 598 3228 spatiabere
621 3148 724 3211 cultus
745 3170 780 3211 m
801 3149 924 3232 umbra,
983 3164 1014 3212 75
