2392 3990
204 666 366 765 SEX.
403 669 859 769 PROPERTII

376 853 687 932 annonarii

337 1042 481 1102 LIBER
508 1044 720 1105 TERTIVS.
945 1035 1010 1124 [IL]

471 1264 490 1335 r
516 1264 592 1356 [111.

63 1373 119 1456 Sed
141 1396 268 1478 tempus
291 1394 425 1457 lustrare
448 1395 518 1458 aliis
541 1394 698 1458 Helicona
720 1393 860 1477 choreis,

96 1476 137 1539 Et
159 1499 304 1562 campum
326 1478 476 1542 Emathio
498 1480 563 1542 iam
585 1479 658 1542 dare
679 1484 806 1563 tempus
829 1499 920 1558 equo,

61 1557 120 1623 lem
142 1562 221 1626 libet
243 1568 275 1626 et
296 1563 591 1627 fortes-memorare
614 1563 653 1626 ad
675 1564 796 1646 proelia
816 1566 935 1627 turmas

95 1644 138 1708 nt
157 1645 304 1711 Romana
325 1648 388 1711 mei
411 1648 513 1711 dicere
536 1652 639 1711 castra
661 1648 760 1712 ducis.

59 1727 144 1803 Quod
167 1730 195 1794 si
217 1731 365 1794 definiant
385 1733 467 1795 vires
474 1782 483 1814 ,
507 1732 638 1795 audacia
660 1736 744 1795 certe
996 1744 1011 1791 e

95 1813 176 1878 Laus
200 1816 275 1879 emt:
297 1817 332 1878 in
353 1817 481 1879 mannis
504 1820 536 1880 et
557 1817 694 1880 voluisse
717 1819 767 1879 sat
789 1819 845 1881 est.

58 1899 151 1961 Aetas
173 1901 277 1982 prima
298 1904 391 1964 canat
407 1868 567 1982 Peneres,
591 1904 730 1963 extrema
751 1902 914 1965 tumultus.

95 1981 186 2046 Bella
208 2005 336 2065 canam,
361 1985 486 2068 quando
510 1986 628 2067 scripta
648 1984 755 2068 puella
775 1988 886 2048 meast.

57 2064 148 2131 Nunc
169 2069 243 2132 volo
266 2069 419 2133 subducto
442 2069 569 2154 gravior
590 2067 759 2152 proaedere
781 2069 886 2150 voltu,

96 2151 191 2217 Nune
212 2152 307 2216 aliam
330 2153 484 2218 citharam
506 2176 556 2217 me
578 2176 650 2217 mea
672 2153 764 2217 Musa
785 2152 886 2216 docet.
983 2167 1012 2212 10

58 2233 164 2319 Surge,
181 2238 296 2319 anima,
313 2260 350 2301 ex
365 2238 478 2302 humili
493 2239 558 2302 iam
573 2239 721 2316 carmine,
738 2239 852 2301 sumite
868 2239 960 2318 vires

95 2319 250 2384 Pierides:
273 2323 384 2406 magni
405 2344 491 2386 nunc
513 2324 573 2386 erit
595 2324 658 2386 oris
681 2344 769 2406 opus.

58 2401 122 2468 Iam
143 2409 243 2489 negat
262 2406 442 2489 Euphrates
465 2407 603 2489 equitem
625 2412 697 2491 post
717 2412 808 2491 terga
828 2407 910 2470 tueri

96 2488 287 2554 Parthorum
310 2494 342 2553 et
363 2490 495 2554 Crassos
518 2513 551 2555 se
572 2492 712 2555 tenuisse
735 2491 834 2555 dolet:

58 2570 147 2637 India
168 2576 259 2657 quin,
281 2576 442 2659 Auguste,
464 2578 519 2638 tuo
542 2575 598 2638 dat
619 2576 702 2639 oolla
722 2575 899 2659 triumpho,
983 2587 1013 2635 le

96 2656 140 2721 Et
162 2659 274 2722 domus
296 2660 434 2723 intactae
456 2663 488 2722 te
509 2660 618 2728 tremit
639 2661 794 2723 Arabiae:

58 2740 210 2826 ursique
232 2744 380 2806 extremis
402 2745 497 2807 tellus
520 2766 553 2807 se
575 2744 734 2807 subtrahit
747 2745 834 2825 orie,

98 2825 222 2891 Sentiet
242 2828 297 2891 illa
318 2832 390 2891 tuas
413 2829 581 2912 postmodo
605 2832 697 2911 capta
718 2850 840 2892 manue.

58 2909 144 2975 Haeo
166 2933 226 2996 ego
250 2916 353 2976 eastra
375 2934 503 2995 sequar:
526 2916 613 2976 vates
635 2917 694 2975 tua
712 2916 815 2975 eastra
837 2912 978 2976 canendo

22 3066 25 3071 ,
99 2995 237 3081 Magnus
259 3018 329 3061 ero:
352 3001 478 3061 servent
498 2995 584 3060 huno
605 2995 685 3059 mihi
706 2996 773 3059 fata
795 2996 893 3060 diem!
982 3011 1014 3058 ⁴20

402 3100 417 3133 *
647 3097 664 3135 a

523 3146 541 3183 ss

57 3197 101 3262 Vt
122 3202 219 3295 eaput
239 3199 274 3262 in
295 3200 421 3284 magnis
443 3199 497 3262 ubi
519 3221 586 3262 non
609 3202 657 3262 est
678 3201 808 3283 tangere
831 3200 946 3283 signiS,

98 3282 232 3347 Ponitur
254 3283 306 3347 hio
328 3285 409 3347 imos
432 3287 505 3346 ante
528 3305 646 3347 corona
667 3283 777 3366 pedes,

57 3366 109 3432 Sia
131 3389 191 3431 nos
214 3389 309 3450 nuno,
333 3370 444 3450 inopes
467 3368 568 3430 laudis
592 3368 803 3432 conscendere
826 3369 965 3450 eulmen,

98 3451 294 3535 Pauperibus
317 3453 413 3516 sacris
435 3453 510 3514 vilia
531 3457 603 3515 tura
625 3453 747 3516 damus.

106 3555 257 3592 Paornamvs.
850 3558 866 3608 3
