2392 3990
10 289 17 304 .
59 246 109 319 11]
448 246 613 305 1111111
971 238 1014 306 25

59 408 231 474 Virunum
253 414 361 495 potes,
384 410 511 491 infelix,
533 411 729 493 requiescere
752 433 909 495 mensem,

91 493 133 558 Et
153 494 256 578 turpis
280 494 319 559 de
340 498 373 559 te
394 495 459 558 ianr
481 494 562 557 liber
584 495 665 559 alter
687 495 756 559 erit.

61 577 260 661 Quaerebam,
283 579 368 643 sicca
389 578 417 642 si
438 582 548 662 posset
568 580 666 662 piscis
689 601 785 643 arena
996 591 1014 640 1

92 662 158 727 Ν11
180 664 294 727 solitus
316 665 416 747 ponto
439 665 544 726 viuere
566 668 676 727 torvus
698 686 788 748 aper,

60 749 115 811 Aut
136 768 197 832 ego
220 749 249 812 si
269 768 398 831 possem
421 747 535 810 studiis
558 748 691 832 vigilare
714 749 846 813 severis:

92 830 260 915 Differtur‚
281 853 456 914 numquam
477 831 601 895 tollitur
623 833 707 896 ullus
730 854 828 896 amor.

60 914 117 980 Nec
137 938 189 980 me
210 920 277 980 tam
298 917 412 998 facies,
435 917 578 999 quamvis
602 917 644 979 sit
666 917 814 998 candida,
839 917 924 999 cepit

94 999 188 1086 (Lilia
207 1021 274 1065 non
297 1000 427 1064 domina
450 1001 515 1064 sint
536 1001 639 1084 magis
662 1001 734 1064 alba
753 1023 838 1085 mea3

62 1083 99 1148 Vt
116 1084 276 1151 Maeotica
295 1087 352 1150 nix
374 1085 473 1148 minio
497 1086 524 1148 si
547 1088 646 1149 certet
667 1085 803 1169 Hibero,

92 1169 121 1235 V
156 1192 195 1235 ue
216 1191 308 1234 rosae
329 1190 410 1254 puro
433 1169 514 1233 lacte
536 1173 651 1233 natant
671 1170 775 1256 folia),

59 1251 118 1319 Nec
162 1277 178 1320 e
200 1275 288 1319 more
311 1275 419 1319 comae
440 1276 498 1337 per
520 1255 602 1317 levia
625 1255 707 1318 colla
725 1255 874 1335 fluentes

92 1338 166 1405 Non
187 1340 287 1414 oculi,
334 1339 473 1421 eminae,
496 1339 601 1402 sidera
622 1343 747 1421 nostra,
769 1341 870 1422 faces,

61 1421 120 1488 Nec
141 1425 233 1508 siqua
254 1361 374 1487 Arabio
397 1423 484 1488 lucet
504 1424 658 1506 bombyce
679 1424 786 1506 puella
982 1434 1015 1484 15

95 1507 183 1592 (Non
205 1530 276 1572 sum
299 1508 337 1571 de
359 1507 461 1571 nihilo
483 1507 619 1571 blandus
642 1512 765 1572 amator
787 1509 879 1594 ego),

59 1589 211 1666 Quantum
232 1593 317 1676 quod
338 1593 445 1676 posito
468 1593 608 1659 formose
631 1594 726 1656 saltat
746 1592 878 1676 Iacche,

92 1677 169 1762 Egit
189 1682 225 1741 ut
248 1677 400 1741 subantes
424 1676 487 1739 dux
508 1677 651 1740 Ariadna
673 1677 803 1760 choreo,

58 1758 95 1824 lit
107 1767 270 1845 quantum,
285 1762 399 1825 Aeolio
417 1783 489 1824 cunr
504 1765 640 1844 temptat
656 1763 797 1826 carmina
811 1762 949 1846 plectro,

92 1845 152 1910 Par
173 1847 383 1932 Aganippeae
406 1846 513 1909 ludere
537 1846 630 1909 docta
652 1848 754 1928 lyrae,
980 1859 1015 1907 20

57 1927 95 1994 llt
113 1953 170 1995 sua
191 1953 264 1995 cum
286 1931 436 2013 antiquae
459 1932 622 1994 conmittit
645 1933 763 2014 scripta
786 1929 944 1995 Corinnae

93 2013 304 2100 Carminaqua
325 2014 464 2078 Erinnes
486 2036 553 2077 non
575 2018 667 2096 putat
689 2037 789 2098 aequa
811 2015 886 2080 suis.

57 2095 125 2163 Non
145 2100 206 2164 tibi
227 2100 372 2163 nascenti
394 2099 520 2182 primis,
542 2121 614 2162 mea
636 2099 715 2181 vita,
740 2099 850 2163 diebus

93 2183 254 2250 Candidus
276 2187 424 2268 argutum
447 2185 583 2247 sternuit
605 2205 700 2247 omen
720 2183 843 2248 Amor?

58 2264 137 2333 Haec
157 2270 219 2333 tibi
240 2269 444 2333 contulerunt
466 2269 615 2332 caelestia
636 2290 768 2332 munera
790 2268 868 2349 divi,
981 2280 1015 2330 ‘25

91 2351 179 2418 Haec
200 2353 260 2417 tibi
281 2375 322 2417 no
344 2358 479 2417 matrem
501 2354 584 2417 forte
607 2354 731 2418 dedisse
753 2355 856 2436 putes.

59 2434 128 2502 Non
148 2459 216 2502 non
237 2438 369 2501 humani
390 2443 500 2520 partus
523 2442 598 2501 sunt
619 2439 697 2502 talia
719 2439 818 2501 dona:

92 2522 159 2586 Ista
181 2524 290 2587 decem
312 2544 437 2586 menses
459 2544 526 2586 non
547 2545 698 2606 peperere
721 2523 815 2587 bona.

58 2604 161 2672 Gloria
181 2607 335 2672 Romanis
358 2628 422 2669 una
444 2628 477 2670 es
499 2610 535 2670 tu
556 2611 632 2671 nata
654 2608 784 2690 puellis:

97 2691 243 2757 Romana
264 2692 430 2756 accumbes
453 2693 556 2775 prima
577 2693 684 2776 puella
705 2691 785 2756 Iovi.
982 2703 1016 2752 30

56 2772 119 2841 Nec
141 2798 208 2840 sem
232 2798 266 2841 er
287 2776 454 2839 nobiscum
476 2776 617 2840 humana
639 2777 756 2841 cubilia
777 2778 876 2860 uises3

91 2860 170 2926 Post
224 2862 349 2925 alenam
371 2860 449 2925 haec
471 2863 563 2926 terris
586 2866 690 2925 forma
712 2861 850 2925 secunda
872 2861 963 2925 redit.

55 2940 121 3010 Hac
143 2968 159 3010 e
185 2967 311 3010 onunc
333 2945 430 3008 mirer
451 2947 479 3008 si
500 2947 616 3030 flagrat
636 2949 748 3009 nostra
770 2945 939 3009 iuventus?

91 3030 169 3094 Pulc
212 3031 258 3094 ‘us
280 3030 340 3093 hac
362 3030 479 3113 fuerat,
502 3031 613 3113 Troia,
637 3031 739 3113 perire
762 3031 829 3094 tibi.

36 3111 138 3180 'Olim
159 3115 313 3197 mirabar,
338 3113 424 3197 quod
444 3116 527 3178 tanti
549 3116 589 3179 ad
611 3115 767 3198 Pergama
787 3115 864 3178 belli
981 3125 1016 3174 35

51 3199 240 3352 NEuropae
263 3202 357 3282 atque
379 3199 476 3264 Asiae
499 3222 593 3264 causa
614 3200 721 3284 puella
742 3200 818 3263 fuit:

82 3306 161 3368 unc,

91 3369 142 3433 Tu
163 3369 237 3453 quia
258 3369 428 3452 poscebas,
451 3373 487 3433 tu
509 3370 583 3452 quia
603 3370 709 3433 lentus
732 3391 811 3433 eras.

212 3284 274 3366 ari,
296 3287 332 3346 tu
355 3283 482 3366 sapiens
505 3288 609 3367 1111,
631 3284 792 3366 Menelae‚
814 3284 919 3366 fuisti,

52 3452 92 3520 Di
141 3476 160 3517 a
181 3453 308 3536 quidem
330 3453 443 3536 facies,
466 3476 523 3538 pro
547 3477 609 3538 qua
622 3454 673 3518 vel
696 3454 800 3518 obiret
817 3453 972 3519 Achilleae

91 3476 153 3606 llll
176 3538 302 3603 Priamo
326 3538 403 3602 belli
425 3561 519 3604 caiisa
540 3539 703 3624 probanda
724 3540 795 3602 fuit.
983 3551 1017 3600 uo
