2392 3990
116 241 159 306 30
501 245 694 301 3110113111
996 243 1083 314 [vm

181 409 298 476 Nullae
322 413 397 472 sunt
417 408 602 472 inimicitiae
624 409 687 472 3131
710 407 825 471 3130113
848 405 996 471 acerbae:

223 493 333 577 Ipsum
355 514 406 557 me
427 493 551 578 iugula,
574 492 677 556 lenior
697 492 799 556 hostis
822 513 885 556 erc.

152 577 319 642 1Ρο33313
342 598 402 661 ego
425 578 460 640 in
482 577 611 640 alterius
626 577 764 661 positam
779 579 923 660 spectare
937 574 1083 639 lacerto?

222 661 293 727 Nec
314 683 385 725 mea
406 660 544 744 dicetur,
568 683 647 744 quae
669 661 763 725 modo
787 661 872 724 dicta
893 659 1017 723 meast?

152 746 297 810 91113σ31
319 767 413 829 saepe
435 745 544 824 duces,
567 747 676 830 magni
700 745 840 810 cecidere
862 745 991 827 tyranni
997 791 1007 827 ‚

134 843 166 892 10
222 798 266 894 nb
289 830 417 894 Thebae
440 833 596 895 steterunt
618 831 743 913 altaque
765 829 861 892 Troia
882 829 953 892 fuit.

153 927 168 976 7
185 914 301 980 0111313
322 917 504 980 vertuntur:
528 918 612 979 certe
634 918 800 978 vertuntur
821 934 960 977 amores:

223 999 370 1063 Vinceris
393 1002 447 1062 aut
468 998 587 1081 vincis,
609 998 687 1062 baec
709 999 744 1062 in
765 1019 873 1062 amore
894 997 1007 1061 rotast.

133 1096 163 1146 11
179 1083 313 1148 Munera
335 1087 453 1167 quanta
475 1083 548 1147 dedi
569 1084 620 1146 vel
643 1084 747 1166 qualia
769 1082 910 1146 carmina
930 1082 1009 1146 feci!

223 1167 284 1232 Illa
304 1172 413 1231 tamen
434 1189 607 1250 numquam
628 1168 731 1232 131133
753 1167 832 1230 dixit
856 1168 947 1229 Amo,

66 1330 70 1335 η
181 1251 227 1316 Er
250 1255 357 1316 01313
380 1252 498 1324 multos
520 1253 654 1315 nimium
675 1252 861 1316 temerarius
884 1271 1003 1332 33303,

224 1275 378 1420 inproba,
401 1358 488 1458 qum*
497 1337 626 1400 tulerim
640 1338 735 1458 tequp
749 1340 898 1418 tuamque
914 1335 1045 1398 domum
1052 1382 1064 1416 ,

134 1519 165 1568 10
180 1505 397 1589 Ecquandone
419 1505 478 1569 tibi
501 1468 673 1570 1113111313
696 1505 804 1569 visus?
829 1526 870 1567 an
890 1525 990 1587 usque

223 1589 263 1655 In
284 1593 429 1654 nostrum
451 1590 547 1654 iacies
569 1591 666 1654 verba
687 1591 822 1674 superba
844 1589 963 1672 caput?

540 1804 628 1876 VIII
636 1804 660 1879 b‘.

183 1925 268 1992 Sici
295 1927 357 1990 ‘tur
378 1928 481 2011 prima
501 1928 636 1992 moriere
659 1932 776 2011 aetate,
800 1927 969 2012 Properti?

225 2010 265 2076 Se
308 2033 446 2096 morere,
469 2013 600 2078 interitu
622 2014 759 2098 gaudeat
780 2014 837 2076 1113
858 2017 922 2076 tuo.

181 2095 334 2181 Exagitet
354 2101 480 2161 nostros
503 2097 631 2181 Manae,
655 2102 793 2163 sectetur
815 2101 848 2162 et
868 2097 1011 2180 umbras,

133 2192 167 2242 10
223 2178 424 2264 Insultetque
444 2183 546 2266 rogia,
569 2183 670 2246 calcet
692 2186 724 2247 et
746 2204 818 2245 ossa
839 2204 918 2245 mea.

183 2262 288 2339 Quid?
310 2288 377 2329 non
392 2265 575 2350 Antigonae
597 2268 719 2330 tumulo
732 2266 884 2330 Boeotius
899 2265 1047 2330 Haemon

227 2347 356 2413 Corruit
377 2351 445 2432 ipse
468 2371 524 2414 suo
547 2351 671 2414 saucius
694 2372 768 2414 ense
791 2352 874 2415 13103

182 2431 227 2496 Et
249 2454 307 2496 sua
329 2455 401 2497 cum
422 2434 556 2498 miserae
577 2435 763 2518 permiscuit
784 2457 856 2499 ossa
878 2435 1017 2518 puellae,

226 2517 296 2592 Qua
317 2517 387 2582 sine
408 2516 594 2583 Thebanam
614 2519 716 2584 301131
737 2519 817 2584 inire
840 2519 991 2583 domum?

134 2614 168 2663 25
184 2600 246 2666 Sed
268 2623 336 2665 non
358 2602 504 2688 effugies:
528 2626 652 2668 mecum
674 2605 819 2668 moriaris
843 2608 983 2687 oportet:

228 2685 300 2749 Hoc
323 2687 434 2751 eodem
455 2688 540 2752 ferro
565 2690 665 2753 stillet
685 2693 817 2772 uterque
840 2710 941 2754 cruor.

187 2769 338 2846 Quamvis
360 2771 423 2835 ista
442 2772 522 2837 mihi
544 2795 630 2838 mors
654 2777 703 2838 est
723 2773 893 2838 inhonesta
914 2773 1038 2855 futura,

227 2854 315 2918 Mors
337 2855 508 2921 inhonesta
530 2859 672 2941 quidem,
695 2861 730 2922 tu
752 2862 887 2922 moriere
909 2862 1026 2922 tamen.

184 2938 244 3002 Ille
267 2940 364 3004 etiam
386 2941 517 3024 abrepta
539 2943 680 3007 desertus
704 2943 839 3026 coniuge
861 2942 1004 3007 Achilles

135 3035 170 3084 30
222 3021 353 3089 Cessare
375 3026 410 3089 in
431 3026 532 3091 thecis
554 3027 686 3109 pertulit
707 3049 794 3090 arma
816 3050 881 3091 sua.

183 3105 317 3173 Viderat
336 3110 391 3174 ille
413 3110 448 3174 fu
473 3134 491 3174 3
513 3114 629 3174 stratos
651 3112 685 3174 in
707 3111 814 3176 littore
837 3111 995 3196 Achivos,

228 3192 362 3259 Fervere
385 3198 418 3258 31
472 3199 598 3259 3310133
620 3194 739 3258 Dorica
761 3198 864 3259 castra
885 3197 970 3276 face,

186 3275 319 3343 Viderat
340 3279 511 3343 informem
532 3280 632 3343 multa
654 3280 827 3344 Patroclon
849 3303 944 3345 arena

229 3363 415 3427 Porrectum
438 3367 469 3426 et
489 3385 615 3447 sparsas
638 3364 732 3428 caede
753 3365 855 3428 iacere
878 3387 1000 3450 comae,

137 3459 168 3509 00
186 3447 302 3513 031313
324 3447 496 3511 formosam
517 3453 648 3532 propter
670 3448 815 3512 Briseida
836 3472 964 3532 passus:

228 3532 349 3596 Tantus
371 3533 405 3596 in
428 3536 537 3616 erepto
560 3534 660 3598 saevit
682 3555 789 3597 amore
812 3534 911 3599 dolor.
