2392 3990
126 234 168 294 94
512 188 705 290 enonnnni
1057 234 1091 307 [i

231 397 279 462 Mi
300 398 378 463 folia
399 421 438 463 ex
458 398 575 464 hedera
595 398 682 483 porri
706 420 733 481 c,
755 396 891 476 Bacche,
912 398 983 478 tua,

189 482 235 548 Vt
256 484 373 547 nostris
395 484 568 549 tumefacta
590 420 752 568 superbiat
773 482 908 547 Vmbria
929 476 1033 561 libne,

233 567 367 631 Vmbria
388 568 526 632 Romani
547 571 651 653 patria
672 566 870 633 Callimachi.

142 663 173 712 88
189 650 386 717 Scandentes
409 653 551 737 quisquis
573 655 682 718 cernet
704 653 743 717 de
764 650 901 716 vallibus
923 670 1024 733 arces,

158 802 160 807 ,
231 735 367 821 Ingenio
389 759 497 801 muros
520 739 666 802 aestimet
686 736 741 801 ille
762 757 843 801 meo.

188 819 300 904 Roma,
322 821 408 902 fave,
430 822 491 886 tibi
512 822 615 907 surgit
636 843 731 905 opus,
753 820 825 885 date
847 817 982 885 candida
1004 817 1091 882 cives

232 904 357 989 Omina,
381 909 414 970 et
434 907 570 991 inceptis
586 907 715 970 dextera
729 908 837 969 cantet
858 904 934 968 avis.

189 989 287 1055 Sacra
302 990 431 1073 diesque
443 1012 555 1055 canam
571 994 604 1055 et
614 989 805 1075 cognomina
814 989 918 1074 prisca
928 987 1090 1052 loeorumz

140 1087 172 1136 70
229 1073 298 1139 Has
320 1097 410 1139 meus
432 1077 594 1197 adssmetas
616 1076 709 1140 sudet
719 1077 855 1198 *oportet
876 1093 988 1156 equus.

188 1243 270 1319 ‘Quo
290 1245 358 1309 ruis
379 1244 563 1329 inprudens,
585 1208 677 1329 iege,
700 1245 803 1309 dicere
824 1244 900 1326 fata,
914 1240 1091 1326 Properti?

229 1328 304 1393 Non
326 1333 402 1394 sunt
423 1351 451 1411 a,
475 1328 585 1393 dextro
607 1329 740 1393 condita¹
755 1329 811 1392 fila
832 1330 912 1393 colo.

187 1414 318 1499 Aversis
340 1417 361 1496 †
383 1414 522 1478 lacrimis
544 1416 668 1496 cantas,
692 1435 820 1477 aversus
842 1412 975 1497 Apollo:

229 1496 339 1562 Poscis
361 1499 401 1562 ab
423 1499 525 1562 invita
546 1498 642 1562 verba
663 1498 803 1582 pigenda
824 1498 902 1581 lyra.
1043 1559 1045 1563 .

139 1594 171 1643 75
187 1580 283 1648 Certa
305 1583 404 1646 feram
427 1584 521 1647 certis
544 1583 741 1647 auctoribus:
763 1580 842 1645 haut
863 1602 923 1667 ego
945 1582 1037 1644 vates

229 1666 364 1731 Nescius
386 1671 493 1730 aerata
514 1667 607 1751 signa
627 1688 755 1731 movere
777 1666 852 1750 pila.

187 1749 241 1814 Me
263 1755 350 1814 creat
369 1751 529 1835 Archytae
552 1751 676 1816 soboles
698 1751 894 1834 Babylonius
915 1748 1047 1832 Horops

229 1834 353 1918 Horon,
376 1839 408 1900 et
429 1858 448 1899 a
469 1857 589 1920 proavo
617 1836 712 1899 ducta
734 1833 865 1900 Conone
887 1834 1010 1899 domus.

187 1917 230 1982 Di
252 1920 331 1983 mihi
353 1923 429 1984 sunt
449 1923 548 1985 testes
569 1941 637 1984 non
657 1921 865 2004 degenerasse
879 1918 1091 2003 propinquos,

138 2016 172 2064 8ο
231 2002 333 2088 Inque
355 2005 434 2068 meis
457 2005 548 2070 libris
570 2004 618 2069 nil
638 2005 728 2089 prius
751 2025 820 2068 esse
842 2004 913 2068 fide.

188 2086 283 2152 Nunc
307 2091 443 2172 pretium
466 2090 568 2154 fecere
591 2090 667 2153 deos
689 2092 721 2153 et
748 2087 870 2151 fallitur
891 2107 968 2151 euro

230 2171 389 2257 luppiter,
412 2174 559 2257 obliquae
581 2174 675 2257 signa
695 2174 810 2237 iterata
832 2175 929 2236 robae.

188 2254 371 2340 Felicesque
394 2258 479 2321 lovis
502 2258 611 2321 stellas
633 2257 808 2339 Martisque
828 2256 952 2339 rapacis

230 2341 275 2405 Et
295 2364 392 2426 grave
415 2340 545 2406 Saturni
567 2341 653 2405 sidus
676 2342 710 2404 in
732 2361 827 2405 omne
850 2343 961 2424 caput,

139 2436 173 2486 85
189 2423 273 2501 Quid
295 2429 447 2490 moveant
468 2425 575 2489 Pisces
597 2426 803 2507 animosaque
825 2425 919 2509 signa
939 2423 1068 2508 Leonis,

139 2521 172 2570 88
231 2509 331 2572 Lotus
354 2514 386 2574 et
407 2509 564 2592 Hesperia
586 2509 661 2593 quid
684 2508 897 2593 Capricornus
919 2529 1009 2591 aqua,

139 2606 172 2654 88
188 2590 266 2656 Diri
289 2615 360 2678 ego,
378 2615 449 2658 cum
471 2595 618 2691 geminos
641 2594 829 2678 produceret
845 2593 941 2657 Arria
961 2597 1054 2656 natos

139 2691 173 2740 ⁹⁰
190 2677 893 2847 ullu{bilaiialimiiiulessiisibili
914 2761 1068 2826 pensas:

231 2846 355 2929 Nempe
377 2869 480 2911 meam
501 2848 631 2911 firmant
651 2869 737 2912 nunc
758 2846 820 2911 duo
846 2848 941 2910 busta
961 2846 1068 2911 fidem.

60 2939 67 2953 ’
191 2929 251 3004 Qui
274 2952 314 3013 pe
335 2931 511 3015 Lupercum
541 2932 613 3015 equi
635 2932 710 2995 dum
732 2932 839 2995 saucia
859 2931 1001 3015 protegit
1021 2951 1091 3014 ora,

267 3037 305 3078 eu
327 3015 389 3079 sibi
410 3017 559 3100 prolapso
580 3038 648 3080 non
669 3017 751 3079 bene
774 3016 859 3079 cavit
881 3035 979 3099 equo:

140 3111 173 3160 95
190 3097 301 3164 Gallus
323 3103 366 3181 at,
389 3101 424 3164 in
447 3103 558 3164 castris
581 3101 655 3163 dum
671 3100 790 3163 credita
812 3100 905 3183 signa
925 3101 1042 3183 tuetur,

234 3183 381 3248 Concidit
402 3188 475 3249 ante
497 3186 620 3267 aquilae
648 3187 752 3248 rostra
774 3188 905 3247 cruenta
926 3205 1011 3247 suae.

190 3266 316 3332 Fatales
338 3271 444 3352 pueri,
467 3268 529 3332 duo
551 3269 663 3332 funera
683 3269 794 3331 matris
817 3290 938 3352 avarae,

234 3352 331 3432 Vera,
356 3353 411 3417 sed
433 3353 548 3427 invito,
572 3353 709 3437 contigit
730 3353 792 3415 ista
812 3353 901 3416 fides.

190 3435 277 3501 idem
302 3459 379 3520 ego,
409 3460 480 3501 cum
503 3435 637 3503 Cinarae
659 3436 802 3500 traheret
823 3436 945 3500 Lucina
967 3435 1092 3504 dolores

131 3534 178 3582 100
235 3521 280 3587 Et
302 3521 445 3586 facerent
467 3522 549 3586 uteri
569 3521 712 3606 pondera
733 3520 822 3585 lenta
842 3543 983 3606 moram,
