2392 3990
117 239 159 303 80
496 243 689 300 rnoruarn
1011 246 1084 316 pm

140 440 141 444 ¹
180 408 226 472 At
246 429 338 471 mons
360 407 519 492 laurigero
542 429 714 472 concussus
736 408 854 472 vertice
876 409 961 471 diras
1076 445 1079 450 ·

224 491 347 556 Gallica
368 491 527 555 Parnasus
550 493 666 576 sparsit
686 495 721 555 in
744 513 833 556 arma
853 493 952 556 nives.
985 549 988 557 .

132 590 164 638 15
181 574 225 640 Te
247 577 349 640 scelus
372 579 502 659 accepto
524 576 656 640 Thracis
679 577 907 660 Polymestoris
929 597 1007 641 auro

223 660 334 724 Nutrit
355 661 389 724 in
411 659 552 744 hospitio
574 681 655 743 non,
678 661 851 744 Polydore,
873 661 937 744 pic.

181 744 230 810 'ru
246 765 385 828 quoque,
402 747 438 808 ut
452 749 579 809 auratos
593 767 734 829 gereres,
749 744 919 828 Eriphyla,
934 746 1084 829 lacertos,

223 828 364 912 Dilapsis
386 833 574 912 nusquamst
594 830 806 912 Amphiaraus
829 831 927 913 equis.

181 913 366 997 Proloquar,
378 916 472 997 atque
483 915 605 978 utinam
616 915 737 997 patriae
749 915 810 977 sim
823 936 923 977 vanus
931 917 1084 998 aruspex!

135 1013 169 1061 00
225 998 398 1082 Frangitur
419 1000 489 1081 ipsa
511 999 576 1061 suis
598 998 701 1061 Roma
722 999 857 1081 superba
879 999 980 1062 bonis

139 1120 141 1124 ·
183 1081 279 1148 Certa
304 1083 432 1166 loquor,
461 1083 517 1147 scd
544 1083 634 1146 nulla
660 1083 753 1147 fides:
785 1104 888 1229 nplque
910 1083 997 1146 enim
1021 1083 1086 1146 llia

726 1189 887 1250 quonam

224 1250 330 1316 Verax
351 1251 534 1336 Pergameis
557 1251 688 1315 Maenas
711 1251 857 1315 habenda
877 1251 981 1315 malis.

183 1336 259 1402 Sola
280 1336 377 1400 Parin
397 1336 556 1421 Phrygiae
580 1336 683 1400 fatum
705 1357 900 1419 conponere,
924 1336 993 1399 sola

224 1421 385 1485 Fallacem
406 1421 528 1504 patriae
551 1442 676 1502 serpere
698 1421 779 1484 dixit
800 1441 902 1503 equm.

91 1581 94 1587 ι
133 1505 239 1569 051110
262 1506 350 1569 furor
371 1505 495 1588 patriae
516 1505 579 1568 fuit
599 1505 702 1587 utilis,
725 1504 780 1569 ille
801 1505 943 1586 parenti:

224 1590 396 1672 Expertast
416 1610 508 1652 veros
531 1588 622 1651 irrita
643 1588 754 1672 lingua
776 1589 863 1653 deos.

183 1927 286 1993 Multa
306 1929 394 2010 tuae,
417 1925 545 2024 Sparte,
569 1927 720 1989 miramur
742 1926 812 1990 iura
833 1928 1026 2010 palaestrae,

226 2012 287 2077 Sed
308 2033 401 2096 mage
421 2012 558 2096 virginei
579 2014 629 2075 tot
650 2012 735 2076 bona
756 2012 930 2095 gymnasii,

183 2097 276 2173 Quod
297 2118 364 2160 non
385 2096 521 2160 infames
543 2101 669 2160 exercet
690 2117 823 2178 corpore
845 2097 936 2159 ludos

225 2181 314 2245 Inter
335 2182 491 2244 luctantes
512 2180 599 2244 nuda
620 2181 728 2263 puella
748 2181 848 2261 viros,

156 2264 270 2331 uOum
291 2266 358 2348 pila
378 2266 504 2329 veloces
527 2265 612 2327 fallit
633 2286 690 2347 per
712 2264 840 2327 brachia
862 2265 979 2346 iactus,

225 2349 376 2432 Increpat
397 2351 430 2412 et
450 2349 533 2412 versi
556 2349 653 2412 clavis
676 2349 799 2412 adunca
819 2348 937 2431 trochi,

182 2432 468 2516 Pulverulentaque
496 2432 536 2496 ad
558 2436 714 2497 extremas
737 2435 801 2496 stat
821 2433 941 2496 femina
964 2436 1084 2517 metas,

224 2518 269 2581 Et
289 2516 409 2600 patitur
431 2517 509 2580 duro
530 2517 661 2581 volnera
681 2517 862 2602 pancratio,

182 2602 278 2669 Nunc
306 2602 386 2685 ligat
412 2601 453 2664 ad
476 2606 617 2666 caestum
639 2602 813 2686 gaudentia
836 2600 968 2665 brachia
988 2601 1086 2684 loris,

136 2700 167 2749 10
223 2685 346 2749 Missile
368 2706 454 2749 nunc
476 2686 555 2750 disci
576 2687 702 2770 pondus
724 2687 759 2749 in
780 2686 856 2750 orbe
878 2688 979 2767 rotat,

184 2769 306 2854 Gyrum
327 2769 433 2853 pulsat
454 2770 558 2853 equis,
579 2771 708 2834 niveum
729 2771 812 2834 latus
835 2792 910 2834 ense
931 2769 1086 2854 revincit,

226 2854 478 2939 Virgineumque
501 2876 578 2918 cavo
600 2855 742 2939 protegit
763 2876 834 2918 aere
857 2857 967 2937 caput,

184 2938 293 3014 Qualis
314 2939 548 3003 Amazonidum
568 2939 696 3002 nudatis
718 2939 832 3003 bellica
854 2938 1001 3004 mammis

225 3023 522 3088 Thermodontiacis
544 3025 638 3087 turba
660 3023 783 3087 lavatur
805 3024 912 3106 aquis3
1017 3033 1023 3048 '

135 3122 167 3169 15
182 3106 226 3172 Et
247 3108 342 3171 modo
365 3108 514 3192 Taygeti,
537 3109 640 3171 crines
663 3107 813 3190 adspersa
833 3108 964 3192 pruina,

227 3190 372 3256 Sectatur
393 3192 513 3275 patrios
534 3213 592 3274 per
613 3192 690 3275 iuga
711 3193 811 3275 longa
833 3213 942 3275 cauea,

185 3275 294 3353 Qualis
316 3281 348 3340 01
369 3276 508 3340 Eurotae
530 3276 646 3339 Pollux
668 3279 701 3339 01
722 3275 834 3341 Castor
856 3276 999 3361 harenis,

226 3360 289 3424 Hic
310 3363 413 3424 victor
433 3360 566 3444 pugnis,
590 3360 644 3424 ille
665 3360 790 3424 futurus
813 3360 916 3443 equis,

185 3444 273 3510 Inter
295 3466 374 3527 quos
397 3444 518 3508 Helene
540 3444 633 3508 nudis
656 3466 768 3527 capere
790 3467 878 3509 arma
899 3446 1027 3530 papillis

73 3584 78 3594 .
134 3542 169 3591 ac
224 3529 338 3594 Fertur
358 3551 417 3592 nec
439 3530 552 3592 iratres
575 3528 735 3593 erubuisse
758 3528 845 3593 deos.
