2392 3990
114 239 179 304 106
486 253 679 308 enorauru
1013 250 1071 323 [vi

168 416 263 482 Solve
284 420 372 481 metu
393 416 539 501 patriam,
563 437 642 498 quae
664 436 750 480 nunc
771 419 803 478 te
818 414 943 479 vindice
966 415 1051 478 freto

209 501 357 585 Inposuit
378 522 490 584 prorae
512 501 639 585 publica
662 503 734 564 vota
755 502 838 563 tuae.

168 585 269 661 Quam
291 587 355 649 nisi
377 585 526 648 defendes
532 635 541 667 ,
564 606 726 648 murorum
747 583 903 647 Romulus
926 604 1030 668 augur

210 669 261 734 Ire
282 670 444 734 Palatinas
467 691 533 733 non
554 669 636 733 bene
658 669 738 732 vidit
759 690 842 732 aves.

49 806 53 814 .
119 767 151 815 65
166 753 219 818 En
239 755 374 818 nimium
395 755 491 817 remis
513 753 632 817 audent
652 774 766 837 prope:
788 755 881 837 turpe
903 750 1028 817 Latinis

209 838 358 921 Principe
380 842 412 902 te
434 838 548 902 fluctus
570 839 659 922 regia
680 838 750 901 vela
771 838 848 920 pati.

168 922 306 1005 Necte,
331 923 415 1006 quod
438 923 548 986 classis
571 922 713 986 centenis
735 923 871 1006 remiget
892 921 960 1003 alis,

211 1007 357 1072 Terreat:
379 1008 480 1070 invito
503 1007 620 1069 labitur
640 1006 697 1069 illa
718 1007 813 1070 mari:

170 1090 325 1175 Quodque
339 1092 461 1155 vehunt
474 1113 588 1175 prorae
603 1089 794 1156 Centaurica
809 1112 885 1154 saxa
899 1091 1071 1174 minantes,

119 1189 153 1237 50
211 1175 315 1260 Tigna
337 1197 413 1239 cava
435 1179 467 1239 et
488 1176 591 1260 pictos
615 1177 775 1259 experiere
797 1178 910 1239 metus.

169 1260 304 1344 Frangit
325 1263 358 1324 et
379 1261 498 1324 attollit
519 1261 601 1323 vires
623 1261 658 1324 in
678 1261 781 1323 milite
803 1281 910 1344 causa3

212 1344 299 1419 Quae
320 1346 384 1408 nisi
406 1346 489 1408 iusta
511 1345 628 1426 subest,
652 1345 773 1408 excutit
794 1367 883 1407 arma
903 1344 1017 1427 pudor.

169 1428 307 1512 Tempus
319 1429 417 1511 adest,
434 1430 587 1493 conmitte
598 1432 697 1493 rates:
714 1451 774 1513 ego
790 1429 943 1512 temporis
958 1432 1075 1494 auctor

212 1513 335 1577 Ducam
357 1515 515 1598 laurigera
536 1512 619 1576 Iulia
639 1516 742 1576 rostra
762 1522 880 1577 manu'

121 1611 153 1660 65
167 1596 315 1680 Dixerat,
339 1602 372 1662 et
392 1598 558 1681 pharetrae
579 1598 705 1680 pondus
725 1599 885 1661 consumit
906 1598 941 1673 in
962 1619 1073 1664 arcus:

211 1682 363 1746 Proxima
384 1686 458 1767 post
479 1705 571 1746 arcus
593 1681 737 1747 Caesaris
758 1682 851 1745 hosta
871 1683 941 1746 fuit

170 1765 282 1830 Vincit
302 1767 405 1831 Roma
426 1767 488 1830 fide
509 1766 645 1831 Phoebi:
674 1767 729 1830 dat
750 1768 870 1831 femina
891 1787 1030 1851 poenas:

88 1893 91 1897 ν
213 1851 345 1934 Sceptra
365 1873 422 1935 per
443 1850 551 1915 Ionias
572 1852 674 1915 fracta
697 1851 854 1915 vehuntur
876 1872 984 1935 aquas

171 1935 217 1999 At
261 1939 328 2000 ater
348 1935 450 2000 Idalio
472 1937 606 1999 miratur
627 1935 745 2000 Caesar
767 1937 806 1999 ab
829 1938 931 2000 astro:

121 2033 156 2082 60
213 2025 223 2054 ‘
250 2043 303 2084 um
325 2021 417 2104 deus3
441 2043 481 2085 en
502 2021 606 2085 nostri
628 2020 795 2105 sanguinis
817 2021 879 2084 ista
900 2020 1004 2084 fides’

170 2104 377 2188 Prosequitur
399 2112 494 2169 cantu
515 2105 642 2188 Triton,
671 2127 844 2188 omnesque
864 2106 1009 2170 marinae

212 2189 404 2254 Plauserimt
425 2191 509 2254 circa
529 2191 631 2253 libera
652 2191 746 2274 signa
768 2190 854 2254 deae.

169 2272 232 2338 Illa
252 2275 334 2357 petit
354 2273 466 2339 Nilum
489 2275 602 2356 cymba
622 2276 705 2338 male
726 2275 801 2338 nixa
823 2273 941 2359 fugaci,

213 2357 284 2422 Hoc
306 2381 414 2440 unum,
436 2359 522 2421 iusso
545 2380 612 2422 non
626 2360 780 2422 moritura
802 2358 863 2423 die.

121 2457 154 2505 so
169 2441 211 2506 Di
233 2443 361 2508 melius!
391 2446 528 2526 quantus
555 2443 669 2507 mulier
690 2444 773 2507 foret
794 2465 858 2506 una
879 2443 1072 2528 triumphus,

212 2527 336 2591 Ductus
359 2530 427 2591 erat
447 2550 504 2610 per
526 2550 603 2610 quas
626 2530 699 2592 ante
720 2527 876 2612 Iugurtha
896 2529 974 2592 vias.

171 2612 286 2676 Actius
307 2611 384 2675 hinc
405 2613 503 2674 traxit
523 2611 672 2677 Phoebus
701 2613 914 2696 monimenta,
942 2613 1030 2697 quod

715 2719 782 2760 erus

212 2780 286 2846 Vna
308 2781 418 2845 decem
439 2781 516 2845 vicit
536 2783 634 2845 missa
657 2783 775 2866 sagitta
795 2785 889 2846 rates.

171 2865 262 2930 Bella
284 2867 361 2929 satis
384 2866 500 2930 cecini:
525 2867 677 2930 citharam
699 2867 761 2930 iam
784 2867 888 2950 poscit
908 2867 1028 2950 Apollo

122 2963 155 3013 to
211 2951 324 3014 Victor
347 2954 379 3014 et
401 2951 440 3014 ad
461 2952 603 3034 placidos
625 2952 712 3015 exuit
734 2974 822 3014 arma
845 2952 969 3016 choros.

171 3033 316 3100 Candida
336 3057 422 3099 nunc
444 3037 534 3100 molli
557 3037 692 3099 subeant
714 3037 860 3100 convivia
881 3037 954 3100 luco

194 3118 467 3204 ‚Blanditiaeque3
490 3120 591 3184 fluant
611 3142 668 3202 per
689 3142 760 3184 mea
781 3121 863 3184 colla
883 3141 985 3204 rosae,

170 3202 318 3288 Vinaque
339 3206 513 3269 fundantur
534 3205 651 3286 praelis
674 3206 753 3268 elisa
773 3205 928 3287 Falernis,

212 3288 336 3372 Terque
357 3291 443 3353 lavet
463 3292 590 3352 nostras
613 3289 701 3372 spica
723 3289 839 3355 Cilissa
862 3312 978 3354 comas.

121 3384 154 3436 to
168 3372 339 3521 Ingenium
360 3374 445 3457 potis
468 3373 579 3437 inritet
598 3373 691 3437 Musa
711 3375 831 3457 poetis:

242 3459 348 3540 acche,
371 3460 454 3522 soles
468 3456 600 3522 Phoebo
622 3458 737 3523 fertilis
760 3481 829 3523 esse
850 3462 915 3524 tuo.

170 3541 229 3606 llle
250 3542 421 3626 paludosos
443 3546 598 3606 memoret
619 3544 735 3608 servire
758 3543 964 3630 Sycambros,
