2392 3990
127 235 173 301 58-
500 246 692 301 uaopnuru
986 244 1079 316 [xxx

181 410 235 475 Sin
260 414 366 474 autem
388 410 486 494 longo
507 431 569 472 nox
594 431 658 472 una
680 412 735 473 aut
755 409 855 473 altera
876 410 948 472 lusu

131 507 164 554 30
222 493 464 576 Consumptast,
487 515 554 557 non
575 516 626 557 me
648 494 782 558 erimina
804 514 902 577 parva
923 496 1063 555 movent

181 578 337 662 Tyndaris
360 583 489 642 externo
511 579 647 662 petriam
670 580 805 641 mutavit
826 597 932 641 amore

224 663 267 726 Et
290 664 357 726 sine
378 662 508 726 decreto
531 664 603 726 viva
624 663 754 728 reducta
776 662 946 725 demumst.

180 747 255 832 lpse
278 748 400 844 Venus,
424 748 568 843 quamvis
590 751 739 831 eorrupta
760 745 891 810 libidine
913 745 1043 827 Martis,

223 831 292 897 Nee
312 853 420 895 mmus
441 854 477 895 m
499 832 586 895 caelo
609 852 734 914 semper
755 829 891 894 honeste
909 830 988 912 fuit,

133 930 165 978 ³5
182 916 333 993 Quamvis
356 915 413 979 Ida
434 917 539 999 pelam
562 919 723 998 pastorem
745 914 830 978 dicat
851 935 974 978 amasse

222 1006 328 1084 Atque
349 1002 433 1064 inter
454 1000 590 1084 pecudes
613 1000 796 1065 accubuisse
819 999 919 1062 deam.

181 1085 253 1149 Hoe
275 1092 307 1150 et
328 1084 588 1167 Hamadryadum
610 1085 767 1169 spectavit
787 1085 881 1147 turba
903 1104 1047 1148 sororum

224 1170 390 1252 Silenique¹
409 1190 500 1233 senes
523 1172 554 1232 et
574 1173 665 1251 pater
686 1170 754 1252 ipse
777 1168 883 1251 chori,

182 1253 263 1320 Oum
284 1255 398 1337 quibus
419 1253 515 1317 Idaeo
537 1253 645 1338 legisti
665 1274 763 1336 poma
784 1253 843 1316 sub
865 1256 972 1335 antro,

133 1353 166 1400 40
224 1338 395 1423 Supposita
418 1338 579 1420 excipiens
600 1337 703 1402 Naioa
724 1338 809 1401 done
830 1359 936 1400 manu.

181 1425 235 1488 An
249 1424 417 1507 quisquam
431 1423 466 1485 in
487 1425 579 1485 tanto
600 1425 781 1506 stuprorum
797 1423 941 1485 examine
956 1420 1073 1504 quaerit

224 1507 308 1573 ‘Cur
322 1507 406 1570 haee
415 1511 482 1569 tam
497 1506 607 1568 dives?
631 1508 701 1589 quis
722 1505 828 1570 dedit?
852 1505 936 1570 unde
951 1503 1071 1569 dedit‘l’

182 1592 208 1656 0
231 1593 366 1656 nimium
387 1595 498 1654 nostro
521 1591 645 1654 felicem
666 1595 809 1674 tempore
831 1590 983 1678 Romam,

223 1676 257 1741 Si
280 1679 392 1740 eontra
413 1696 519 1738 mores
541 1696 605 1738 una
626 1677 733 1759 puella
753 1676 845 1740 facit!
972 1680 974 1685 '

132 1776 163 1822 45
179 1761 268 1825 Haec
291 1759 400 1824 eadem
423 1762 497 1823 ante
518 1759 608 1822 illam
628 1761 749 1843 inpune
777 1764 809 1822 et
830 1759 945 1823 Lesbia
965 1758 1055 1823 fecit:

224 1846 312 1921 Quae
334 1845 490 1927 sequitur,
513 1847 629 1908 certest
649 1844 807 1908 invidiose
828 1845 944 1908 minue.

182 1931 243 2006 Qui
266 1929 389 2014 quaerit
409 1929 516 1992 Latias
538 1932 660 1992 veteres
683 1928 839 2012 durasque
861 1928 1011 2011 Sabinas,

222 2013 285 2078 Hie
305 2014 414 2097 posuit
434 2016 544 2076 nostra
565 2035 667 2096 nuper
689 2015 723 2076 in
745 2014 822 2077 urbe
844 2013 965 2096 pedem.

181 2101 229 2162 Tu
251 2100 339 2183 prius
362 2101 394 2162 et
414 2098 528 2162 fluetus
550 2099 669 2180 poteris
691 2099 809 2161 siccare
831 2099 972 2161 marinos

132 2199 165 2246 60
221 2185 361 2267 Altaque
383 2182 510 2246 mortali
533 2181 674 2264 deripere
697 2185 783 2246 astra
804 2204 917 2265 manu,

182 2269 284 2344 Quam
305 2272 425 2348 lacere,
448 2269 484 2328 ut
504 2268 632 2329 nostrae
653 2268 759 2330 nolint
785 2288 915 2351 peceare
937 2267 1072 2350 puellae:

222 2351 285 2416 Hie
306 2373 376 2415 mos
399 2350 534 2415 Saturno
556 2371 656 2434 regna
678 2354 806 2414 tenente
828 2352 898 2415 fuit.

180 2440 226 2502 At
248 2459 319 2501 oum
342 2435 547 2499 Deucalionis
570 2455 669 2518 aquae
691 2436 809 2499 fluxere
831 2458 888 2519 per
910 2436 1036 2520 orbem,

223 2521 267 2585 Et
289 2523 363 2604 post
385 2519 507 2602 antiqui
529 2518 735 2584 Deucalionis
757 2542 868 2603 aquas,

132 2622 164 2668 oo
179 2605 241 2670 Dio
262 2606 355 2685 mihi,
379 2605 449 2688 quis
471 2605 576 2687 potuit
597 2605 713 2668 lectum
737 2626 861 2669 servare
883 2604 1050 2688 pudicum,

223 2690 310 2765 Quae
333 2689 391 2754 dee
413 2711 485 2752 cum
507 2689 575 2751 solo
597 2691 703 2753 vivere
726 2691 794 2753 sola
816 2690 897 2753 deo?

180 2775 320 2839 onrem
343 2773 502 2856 quondam
524 2774 633 2857 magni
656 2774 789 2857 Minois,
811 2778 847 2837 ut
869 2775 974 2858 aiunt,

224 2858 374 2941 Corrupit
394 2859 477 2921 torvi
501 2858 633 2921 candide
655 2859 759 2922 forma
784 2860 881 2922 bovie

180 2944 249 3008 Neo
271 2944 376 3006 minus
399 2947 505 3005 aerato
528 2939 637 3005 Danae
660 2942 853 3008 circumdate
874 2965 965 3007 muro

133 3042 165 3090 ⁶0
221 3028 298 3092 Non
319 3029 425 3111 potuit
446 3047 563 3110 magno
587 3031 675 3090 easta
696 3049 813 3112 negare
835 3026 914 3092 lovi.

181 3112 272 3188 Quod
295 3113 322 3176 si
343 3115 379 3176 tu
402 3112 513 3176 Graias
536 3131 711 3194 aequesque
733 3113 859 3175 imitata
881 3111 1029 3196 Latinae,

224 3197 355 3281 Semper
376 3198 445 3260 vive
468 3216 539 3259 meo
562 3196 662 3259 libera
684 3197 810 3261 iudicio.

426 3336 545 3408 xxm
574 3297 767 3429 [numm.

181 3452 299 3516 Tristra
320 3451 385 3515 iam
406 3451 540 3514 redeunt
561 3453 676 3515 iterum
699 3452 865 3516 sollemnia
885 3451 995 3518 nobis:

224 3536 363 3619 Cynthia
384 3537 448 3599 iam
469 3540 579 3600 noctes
602 3540 650 3600 est
672 3539 801 3620 operata
824 3537 942 3602 decem.
