2392 3990
102 221 142 288 86
482 227 675 283 raorsaru
954 226 1051 300 [xum.
1095 208 1102 261 l

167 391 269 467 Quam
284 390 388 475 possit
398 392 520 455 vestros
536 390 703 474 quisquam
714 389 945 475 reprehendere
957 409 1052 455 cursus

118 489 150 538 10
206 475 251 540 Et
272 475 400 540 rabidae
422 475 567 541 stimulos
589 476 736 560 frangere
757 476 929 559 nequitiae.

166 560 286 642 Testis,
309 559 434 625 Cretaei
456 560 558 624 fastus
581 580 661 643 quae
682 581 777 643 passa
798 560 924 624 iuvenci

207 643 318 708 Induit
339 643 409 708 abie
433 665 494 709 uae
515 665 634 708 cornua
653 645 735 708 falsa
756 644 863 709 bovis:

166 727 271 794 Testis
294 666 477 793 Thessalico
499 728 638 814 flagrans
660 726 819 793 Salmonis
841 728 983 813 Enipeo,

210 813 296 889 Quae
318 814 420 877 voluit
441 813 561 896 liquido
583 816 653 877 tota
674 814 780 878 subire
802 813 871 878 deo.

122 910 153 959 15
168 896 298 963 Crimen
320 900 353 961 et
374 898 429 961 illa
450 898 513 962 fuit
533 898 637 981 patria
658 919 810 962 succensa
832 901 963 963 senecta

210 982 344 1046 Arboris
367 982 402 1045 in
423 982 552 1046 frondes
576 981 705 1047 condita
726 981 857 1065 Myrrha
877 1003 990 1047 novae.

166 1065 251 1133 Nam
273 1067 348 1150 quid
363 1066 494 1131 Medeae
514 1067 650 1130 referam
666 1088 727 1150 quo
749 1070 893 1214 tempore
913 1065 1023 1131 mauis
1100 1102 1102 1107 ·

209 1151 294 1215 Iram
315 1154 463 1215 natorum
485 1151 579 1214 caede
601 1151 701 1235 piavit
722 1172 812 1215 amor

167 1235 290 1312 Quidve
307 1228 572 1319 Clytaemestrae,
589 1239 719 1318 propter
733 1232 828 1319 quam
842 1238 912 1300 tota
922 1233 1062 1321 Mycenis

118 1333 152 1382 20
208 1320 342 1384 Infamia
365 1323 474 1404 stupro
498 1322 563 1383 stat
583 1319 721 1404 Pelopea
743 1320 877 1385 domus?

169 1404 295 1552 Tupus,
317 1425 337 1467 o
359 1404 471 1468 Minoa
491 1403 674 1468 venundata
696 1404 802 1488 Scylla
823 1405 939 1490 figura,

238 1489 337 1553 ondes
358 1510 518 1573 purpurea
539 1510 640 1572 regna
660 1492 796 1572 paterna
818 1510 918 1554 coma.

170 1572 263 1638 Hane
285 1574 383 1659 igitur
405 1573 511 1637 dotem
532 1574 624 1657 virgo
647 1573 860 1657 desponderat
880 1571 984 1638 hosti:

212 1658 307 1741 Nise,
328 1661 399 1721 tuas
420 1660 529 1741 portas
551 1657 663 1722 fraude
684 1658 815 1721 reclusit
834 1659 946 1722 Amor.

120 1742 290 1806 ssalvos
327 1742 494 1825 innuptae,
516 1741 641 1806 felicius
663 1743 744 1806 urite
766 1742 888 1806 taedas:

213 1789 336 1890 Pendet
358 1825 492 1890 Cretaea
513 1830 617 1890 tracta
637 1826 744 1910 puella
765 1830 841 1891 rate.

168 1909 244 1976 Non
264 1914 374 1974 tamen
393 1911 542 1975 inmerito
564 1911 671 1974 Minos
694 1911 783 1975 sedet
804 1910 923 1974 arbiter
945 1908 1038 1976 Orcit

211 1994 324 2061 Victor
345 1999 414 2059 erat
435 1996 577 2080 quamvis
583 2044 593 2079 ,
616 2016 734 2078 aequus
755 1995 791 2060 in
811 1995 903 2060 hoste
925 1994 1000 2061 fuit

452 2211 592 2284 nunu
618 2212 721 2304 [xxj.

169 2332 280 2401 Credis
303 2356 374 2398 eum
397 2334 461 2397 iam
482 2354 576 2417 posse
597 2336 670 2398 tuae
691 2333 874 2400 meminisse
895 2333 1034 2420 figurae,

211 2417 330 2482 Vidisti
352 2440 372 2481 a
393 2419 475 2481 lecto
498 2439 591 2501 quem
613 2417 687 2482 dare
709 2418 779 2483 vela
799 2419 877 2483 tuo?

170 2502 291 2586 Durus,
315 2503 369 2586 qui
391 2503 478 2566 luero
501 2502 605 2585 potuit
625 2506 747 2569 mutare
769 2503 924 2588 puellaml

212 2587 364 2669 Tantine,
387 2589 424 2650 ut
444 2586 604 2669 lacrimas,
626 2587 739 2652 Africa
759 2591 829 2652 tota
849 2588 934 2652 fuit?

142 2672 217 2736 oAt
237 2675 290 2755 tu,
314 2671 423 2750 stulta,
447 2670 538 2755 deos,
560 2674 596 2734 tu
617 2671 713 2756 fingis
735 2673 845 2736 inania
865 2694 949 2738 vera

211 2756 363 2820 Forsitan
384 2756 438 2820 ille
460 2755 523 2819 alio
545 2758 656 2840 peetus
679 2779 785 2822 amore
806 2759 900 2821 terat.

171 2839 232 2905 Est
245 2840 305 2904 tibi
320 2841 423 2904 forma
436 2843 565 2923 potens,
581 2843 657 2905 sunt
671 2844 776 2906 castae
791 2841 929 2906 Palladis
945 2845 1047 2927 artes,

213 2924 447 3008 Splendidaque
470 2947 489 2989 a
510 2924 604 2989 docto
626 2925 713 2989 fama
733 2925 873 3012 refulget
894 2947 971 3009 avo,

170 3008 345 3074 Fortunata
367 3010 491 3094 domus,
514 3010 610 3074 modo
632 3010 675 3073 sit
695 3011 755 3074 tibi
776 3010 857 3073 fidus
880 3011 1011 3077 amicus.

123 3107 156 3156 ιο
211 3093 309 3159 Fidus
331 3115 400 3160 ero:
422 3094 457 3158 in
478 3097 606 3158 nostros
629 3114 734 3177 curre,
756 3094 877 3179 puella,
899 3100 999 3162 toros.

511 3223 664 3234 —u—

550 3307 629 3382 XX.

170 3429 244 3497 Nox
270 3429 351 3494 mihi
377 3431 480 3515 prima
506 3431 606 3496 venit:
634 3432 755 3516 primae
777 3431 855 3579 tdate
882 3436 1027 3519 tempora

714 3538 776 3581 noo
792 3539 834 3582 rs:
1037 3531 1067 3580 rs
