<?xml version="1.0" encoding="UTF-8"?>
<!DOCTYPE html PUBLIC "-//W3C//DTD XHTML 1.0 Transitional//EN"
    "http://www.w3.org/TR/xhtml1/DTD/xhtml1-transitional.dtd">
<html xmlns="http://www.w3.org/1999/xhtml" xml:lang="en" lang="en">
 <head>
  <title>
</title>
<meta http-equiv="Content-Type" content="text/html;charset=utf-8" />
  <meta name='ocr-system' content='tesseract 3.04.00' />
  <meta name='ocr-capabilities' content='ocr_page ocr_carea ocr_par ocr_line ocrx_word'/>
</head>
<body>
  <div class='ocr_page' id='page_1' title='image "./sexrecensvitlvc00propgoog_0064.png"; bbox 0 0 2392 3990; ppageno 0'>
   <div class='ocr_carea' id='block_1_1' title="bbox 112 273 1075 352">
    <p class='ocr_par' dir='ltr' id='par_1_1' title="bbox 112 273 1075 352">
     <span class='ocr_line' id='line_1_1' title="bbox 112 273 1075 352; baseline 0.002 -19"><span class='ocrx_word' id='word_1_1' title='bbox 112 279 224 352; x_wconf 80' lang='lat' dir='ltr'><strong>XXVL]</strong></span> <span class='ocrx_word' id='word_1_2' title='bbox 511 281 620 335; x_wconf 80' lang='lat' dir='ltr'>LIBER</span> <span class='ocrx_word' id='word_1_3' title='bbox 640 281 689 336; x_wconf 87' lang='lat'><em>111.</em></span> <span class='ocrx_word' id='word_1_4' title='bbox 1035 273 1075 335; x_wconf 83' lang='lat'><strong>53</strong></span> 
     </span>
    </p>
   </div>
   <div class='ocr_carea' id='block_1_2' title="bbox 125 442 1075 1878">
    <p class='ocr_par' dir='ltr' id='par_1_2' title="bbox 125 442 1075 1878">
     <span class='ocr_line' id='line_1_2' title="bbox 220 442 985 526; baseline -0.005 -18"><span class='ocrx_word' id='word_1_5' title='bbox 220 443 315 508; x_wconf 91' lang='lat' dir='ltr'><strong>Nunc</strong></span> <span class='ocrx_word' id='word_1_6' title='bbox 337 443 409 526; x_wconf 88' lang='lat' dir='ltr'><strong>dea,</strong></span> <span class='ocrx_word' id='word_1_7' title='bbox 433 465 513 526; x_wconf 90' lang='lat' dir='ltr'><strong>quae</strong></span> <span class='ocrx_word' id='word_1_8' title='bbox 536 442 604 508; x_wconf 89' lang='lat' dir='ltr'><strong>Nili</strong></span> <span class='ocrx_word' id='word_1_9' title='bbox 625 444 758 507; x_wconf 89' lang='lat' dir='ltr'><strong>fiumina</strong></span> <span class='ocrx_word' id='word_1_10' title='bbox 779 465 874 508; x_wconf 89' lang='lat' dir='ltr'><strong>vacca</strong></span> <span class='ocrx_word' id='word_1_11' title='bbox 894 442 985 506; x_wconf 87' lang='lat' dir='ltr'><strong>bibit.</strong></span> 
     </span>
     <span class='ocr_line' id='line_1_3' title="bbox 178 527 924 613; baseline 0 -23"><span class='ocrx_word' id='word_1_12' title='bbox 178 527 237 590; x_wconf 93' lang='lat' dir='ltr'><strong>Ino</strong></span> <span class='ocrx_word' id='word_1_13' title='bbox 260 528 356 592; x_wconf 89' lang='lat' dir='ltr'><strong>etiam</strong></span> <span class='ocrx_word' id='word_1_14' title='bbox 378 529 481 612; x_wconf 91' lang='lat' dir='ltr'><strong>prima</strong></span> <span class='ocrx_word' id='word_1_15' title='bbox 500 527 618 592; x_wconf 81' lang='lat' dir='ltr'>Thebis</span> <span class='ocrx_word' id='word_1_16' title='bbox 641 531 744 592; x_wconf 90' lang='lat' dir='ltr'><strong>aetate</strong></span> <span class='ocrx_word' id='word_1_17' title='bbox 765 529 924 613; x_wconf 82' lang='lat' dir='ltr'><strong>fugatast:</strong></span> 
     </span>
     <span class='ocr_line' id='line_1_4' title="bbox 125 610 955 696; baseline 0.002 -24"><span class='ocrx_word' id='word_1_18' title='bbox 125 625 160 673; x_wconf 80' lang='lat'><strong>20</strong></span> <span class='ocrx_word' id='word_1_19' title='bbox 218 610 312 677; x_wconf 89' lang='lat' dir='ltr'><strong>Hanc</strong></span> <span class='ocrx_word' id='word_1_20' title='bbox 333 612 430 677; x_wconf 87' lang='lat' dir='ltr'><strong>miser</strong></span> <span class='ocrx_word' id='word_1_21' title='bbox 451 612 592 696; x_wconf 82' lang='lat' dir='ltr'><strong>inploret</strong></span> <span class='ocrx_word' id='word_1_22' title='bbox 612 613 721 676; x_wconf 88' lang='lat' dir='ltr'><strong>navita</strong></span> <span class='ocrx_word' id='word_1_23' title='bbox 742 611 955 677; x_wconf 81' lang='lat' dir='ltr'><strong>Leucothoen.</strong></span> 
     </span>
     <span class='ocr_line' id='line_1_5' title="bbox 177 696 987 762; baseline 0.001 -2"><span class='ocrx_word' id='word_1_24' title='bbox 177 696 380 761; x_wconf 86' lang='lat' dir='ltr'><strong>Andromede</strong></span> <span class='ocrx_word' id='word_1_25' title='bbox 402 696 555 761; x_wconf 77' lang='lat' dir='ltr'>monstris</span> <span class='ocrx_word' id='word_1_26' title='bbox 576 697 683 761; x_wconf 86' lang='lat' dir='ltr'><strong>fuerat</strong></span> <span class='ocrx_word' id='word_1_27' title='bbox 705 697 819 761; x_wconf 88' lang='lat' dir='ltr'><strong>devota</strong></span> <span class='ocrx_word' id='word_1_28' title='bbox 839 696 987 762; x_wconf 76' lang='lat' dir='ltr'><strong>marinisr</strong></span> 
     </span>
     <span class='ocr_line' id='line_1_6' title="bbox 220 780 909 846; baseline 0 -2"><span class='ocrx_word' id='word_1_29' title='bbox 220 781 309 846; x_wconf 88' lang='lat' dir='ltr'><strong>Haec</strong></span> <span class='ocrx_word' id='word_1_30' title='bbox 331 781 441 845; x_wconf 90' lang='lat' dir='ltr'><strong>eadem</strong></span> <span class='ocrx_word' id='word_1_31' title='bbox 462 780 571 846; x_wconf 91' lang='lat' dir='ltr'><strong>Persei</strong></span> <span class='ocrx_word' id='word_1_32' title='bbox 592 781 710 845; x_wconf 88' lang='lat' dir='ltr'><strong>nobilis</strong></span> <span class='ocrx_word' id='word_1_33' title='bbox 732 802 812 844; x_wconf 89' lang='lat' dir='ltr'><strong>uxor</strong></span> <span class='ocrx_word' id='word_1_34' title='bbox 834 783 909 845; x_wconf 88' lang='lat' dir='ltr'><strong>erat.</strong></span> 
     </span>
     <span class='ocr_line' id='line_1_7' title="bbox 178 863 993 950; baseline 0 -22"><span class='ocrx_word' id='word_1_35' title='bbox 178 863 313 929; x_wconf 78' lang='lat' dir='ltr'>Callisto</span> <span class='ocrx_word' id='word_1_36' title='bbox 334 865 490 930; x_wconf 82' lang='lat' dir='ltr'><strong>Arcadios</strong></span> <span class='ocrx_word' id='word_1_37' title='bbox 513 869 672 930; x_wconf 83' lang='lat' dir='ltr'><strong>erraverat</strong></span> <span class='ocrx_word' id='word_1_38' title='bbox 692 887 766 929; x_wconf 92' lang='lat' dir='ltr'><strong>ursa</strong></span> <span class='ocrx_word' id='word_1_39' title='bbox 786 887 843 949; x_wconf 92' lang='lat' dir='ltr'><strong>per</strong></span> <span class='ocrx_word' id='word_1_40' title='bbox 865 884 993 950; x_wconf 79' lang='lat' dir='ltr'><strong>agrosr·</strong></span> 
     </span>
     <span class='ocr_line' id='line_1_8' title="bbox 220 949 896 1034; baseline 0 -22"><span class='ocrx_word' id='word_1_41' title='bbox 220 949 309 1014; x_wconf 90' lang='lat' dir='ltr'><strong>Haec</strong></span> <span class='ocrx_word' id='word_1_42' title='bbox 330 953 487 1013; x_wconf 88' lang='lat' dir='ltr'><strong>nocturna</strong></span> <span class='ocrx_word' id='word_1_43' title='bbox 509 970 566 1014; x_wconf 92' lang='lat' dir='ltr'><strong>suo</strong></span> <span class='ocrx_word' id='word_1_44' title='bbox 588 950 691 1014; x_wconf 84' lang='lat' dir='ltr'><strong>sidere</strong></span> <span class='ocrx_word' id='word_1_45' title='bbox 712 950 783 1013; x_wconf 88' lang='lat' dir='ltr'><strong>vela</strong></span> <span class='ocrx_word' id='word_1_46' title='bbox 803 950 896 1034; x_wconf 82' lang='lat' dir='ltr'><strong>regit.</strong></span> 
     </span>
     <span class='ocr_line' id='line_1_9' title="bbox 125 1033 992 1118; baseline 0.001 -23"><span class='ocrx_word' id='word_1_47' title='bbox 125 1049 160 1096; x_wconf 76' lang='lat' dir='ltr'><strong>ao</strong></span> <span class='ocrx_word' id='word_1_48' title='bbox 178 1033 271 1109; x_wconf 82' lang='lat' dir='ltr'><strong>Quod</strong></span> <span class='ocrx_word' id='word_1_49' title='bbox 293 1034 320 1097; x_wconf 93' lang='lat' dir='ltr'><strong>si</strong></span> <span class='ocrx_word' id='word_1_50' title='bbox 341 1035 425 1098; x_wconf 88' lang='grc'><strong>10110</strong></span> <span class='ocrx_word' id='word_1_51' title='bbox 446 1034 507 1097; x_wconf 92' lang='lat' dir='ltr'><strong>tibi</strong></span> <span class='ocrx_word' id='word_1_52' title='bbox 528 1034 732 1118; x_wconf 77' lang='lat' dir='ltr'><strong>properarint</strong></span> <span class='ocrx_word' id='word_1_53' title='bbox 751 1034 818 1098; x_wconf 88' lang='grc'><strong>1313</strong></span> <span class='ocrx_word' id='word_1_54' title='bbox 839 1035 992 1117; x_wconf 89' lang='lat' dir='ltr'><strong>quietem,</strong></span> 
     </span>
     <span class='ocr_line' id='line_1_10' title="bbox 220 1118 790 1202; baseline 0.002 -20"><span class='ocrx_word' id='word_1_55' title='bbox 220 1118 283 1182; x_wconf 89' lang='grc'><strong>1113</strong></span> <span class='ocrx_word' id='word_1_56' title='bbox 304 1119 484 1202; x_wconf 86' lang='lat' dir='ltr'><strong>sepulturae</strong></span> <span class='ocrx_word' id='word_1_57' title='bbox 505 1119 573 1183; x_wconf 88' lang='lat' dir='ltr'><strong>fata</strong></span> <span class='ocrx_word' id='word_1_58' title='bbox 594 1119 687 1183; x_wconf 89' lang='lat' dir='ltr'><strong>beata</strong></span> <span class='ocrx_word' id='word_1_59' title='bbox 707 1122 790 1183; x_wconf 89' lang='grc'><strong>1030.</strong></span> 
     </span>
     <span class='ocr_line' id='line_1_11' title="bbox 177 1201 981 1287; baseline -0.001 -21"><span class='ocrx_word' id='word_1_60' title='bbox 177 1202 331 1267; x_wconf 87' lang='lat' dir='ltr'><strong>Narrabis</strong></span> <span class='ocrx_word' id='word_1_61' title='bbox 354 1201 512 1287; x_wconf 83' lang='lat' dir='ltr'><strong>Semelae,</strong></span> <span class='ocrx_word' id='word_1_62' title='bbox 534 1224 597 1287; x_wconf 91' lang='lat' dir='ltr'><strong>quo</strong></span> <span class='ocrx_word' id='word_1_63' title='bbox 620 1204 662 1266; x_wconf 90' lang='lat' dir='ltr'><strong>sit</strong></span> <span class='ocrx_word' id='word_1_64' title='bbox 683 1203 825 1267; x_wconf 88' lang='lat' dir='ltr'><strong>formosa</strong></span> <span class='ocrx_word' id='word_1_65' title='bbox 844 1202 981 1286; x_wconf 90' lang='lat' dir='ltr'><strong>periclo,</strong></span> 
     </span>
     <span class='ocr_line' id='line_1_12' title="bbox 221 1285 923 1370; baseline -0.001 -19"><span class='ocrx_word' id='word_1_66' title='bbox 221 1285 338 1352; x_wconf 80' lang='lat' dir='ltr'><strong>Credet</strong></span> <span class='ocrx_word' id='word_1_67' title='bbox 359 1291 391 1352; x_wconf 91' lang='lat' dir='ltr'><strong>et</strong></span> <span class='ocrx_word' id='word_1_68' title='bbox 412 1288 482 1369; x_wconf 88' lang='grc'><strong>1113,</strong></span> <span class='ocrx_word' id='word_1_69' title='bbox 505 1308 562 1351; x_wconf 90' lang='grc'><strong>000</strong></span> <span class='ocrx_word' id='word_1_70' title='bbox 578 1287 678 1351; x_wconf 86' lang='lat' dir='ltr'><strong>docta</strong></span> <span class='ocrx_word' id='word_1_71' title='bbox 698 1288 805 1370; x_wconf 89' lang='lat' dir='ltr'><strong>puella</strong></span> <span class='ocrx_word' id='word_1_72' title='bbox 825 1288 923 1370; x_wconf 68' lang='lat' dir='ltr'><strong>malo,</strong></span> 
     </span>
     <span class='ocr_line' id='line_1_13' title="bbox 178 1370 899 1436; baseline 0.001 -2"><span class='ocrx_word' id='word_1_73' title='bbox 178 1372 223 1435; x_wconf 82' lang='lat' dir='ltr'><strong>Et</strong></span> <span class='ocrx_word' id='word_1_74' title='bbox 244 1371 304 1436; x_wconf 90' lang='lat' dir='ltr'><strong>tibi</strong></span> <span class='ocrx_word' id='word_1_75' title='bbox 326 1371 490 1436; x_wconf 86' lang='lat' dir='ltr'><strong>Maeonias</strong></span> <span class='ocrx_word' id='word_1_76' title='bbox 513 1372 598 1435; x_wconf 90' lang='lat' dir='ltr'><strong>inter</strong></span> <span class='ocrx_word' id='word_1_77' title='bbox 617 1370 765 1436; x_wconf 86' lang='lat' dir='ltr'><strong>heroidas</strong></span> <span class='ocrx_word' id='word_1_78' title='bbox 788 1393 899 1436; x_wconf 89' lang='lat' dir='ltr'><strong>omnes</strong></span> 
     </span>
     <span class='ocr_line' id='line_1_14' title="bbox 126 1456 924 1520; baseline 0.004 -3"><span class='ocrx_word' id='word_1_79' title='bbox 126 1471 161 1517; x_wconf 87' lang='lat'><strong>30</strong></span> <span class='ocrx_word' id='word_1_80' title='bbox 219 1456 345 1520; x_wconf 88' lang='lat' dir='ltr'><strong>Primus</strong></span> <span class='ocrx_word' id='word_1_81' title='bbox 368 1457 428 1520; x_wconf 87' lang='lat' dir='ltr'><strong>erit</strong></span> <span class='ocrx_word' id='word_1_82' title='bbox 449 1457 538 1520; x_wconf 85' lang='lat' dir='ltr'><strong>nulla</strong></span> <span class='ocrx_word' id='word_1_83' title='bbox 559 1477 626 1520; x_wconf 94' lang='lat' dir='ltr'><strong>non</strong></span> <span class='ocrx_word' id='word_1_84' title='bbox 644 1456 804 1520; x_wconf 77' lang='lat' dir='ltr'><strong>tribuente</strong></span> <span class='ocrx_word' id='word_1_85' title='bbox 826 1457 924 1520; x_wconf 90' lang='lat' dir='ltr'><strong>locus.</strong></span> 
     </span>
     <span class='ocr_line' id='line_1_15' title="bbox 178 1540 1075 1626; baseline 0.002 -22"><span class='ocrx_word' id='word_1_86' title='bbox 178 1540 289 1624; x_wconf 90' lang='lat' dir='ltr'><strong>Nunc,</strong></span> <span class='ocrx_word' id='word_1_87' title='bbox 312 1543 482 1624; x_wconf 92' lang='lat' dir='ltr'><strong>utcumque</strong></span> <span class='ocrx_word' id='word_1_88' title='bbox 502 1543 609 1624; x_wconf 89' lang='lat' dir='ltr'><strong>potes,</strong></span> <span class='ocrx_word' id='word_1_89' title='bbox 630 1541 698 1605; x_wconf 89' lang='lat' dir='ltr'><strong>fato</strong></span> <span class='ocrx_word' id='word_1_90' title='bbox 717 1562 793 1626; x_wconf 82' lang='lat' dir='ltr'><strong>gere</strong></span> <span class='ocrx_word' id='word_1_91' title='bbox 813 1541 920 1605; x_wconf 89' lang='lat' dir='ltr'><strong>saucia</strong></span> <span class='ocrx_word' id='word_1_92' title='bbox 940 1560 1075 1606; x_wconf 83' lang='lat' dir='ltr'><strong>morem:</strong></span> 
     </span>
     <span class='ocr_line' id='line_1_16' title="bbox 220 1624 881 1710; baseline 0.003 -22"><span class='ocrx_word' id='word_1_93' title='bbox 220 1624 265 1689; x_wconf 83' lang='lat' dir='ltr'><strong>Et</strong></span> <span class='ocrx_word' id='word_1_94' title='bbox 287 1625 364 1689; x_wconf 90' lang='lat' dir='ltr'><strong>deus</strong></span> <span class='ocrx_word' id='word_1_95' title='bbox 387 1629 419 1689; x_wconf 92' lang='lat' dir='ltr'><strong>et</strong></span> <span class='ocrx_word' id='word_1_96' title='bbox 441 1625 536 1689; x_wconf 90' lang='lat' dir='ltr'><strong>durus</strong></span> <span class='ocrx_word' id='word_1_97' title='bbox 559 1626 692 1689; x_wconf 87' lang='lat' dir='ltr'><strong>vertitur</strong></span> <span class='ocrx_word' id='word_1_98' title='bbox 712 1627 781 1710; x_wconf 92' lang='lat' dir='ltr'><strong>ipse</strong></span> <span class='ocrx_word' id='word_1_99' title='bbox 804 1626 881 1690; x_wconf 90' lang='lat' dir='ltr'><strong>dies.</strong></span> 
     </span>
     <span class='ocr_line' id='line_1_17' title="bbox 178 1709 1044 1792; baseline 0 -18"><span class='ocrx_word' id='word_1_100' title='bbox 178 1709 251 1774; x_wconf 91' lang='lat' dir='ltr'><strong>Hoc</strong></span> <span class='ocrx_word' id='word_1_101' title='bbox 273 1709 333 1772; x_wconf 94' lang='lat' dir='ltr'><strong>tibi</strong></span> <span class='ocrx_word' id='word_1_102' title='bbox 354 1710 406 1773; x_wconf 84' lang='lat' dir='ltr'><strong>vel</strong></span> <span class='ocrx_word' id='word_1_103' title='bbox 426 1710 559 1792; x_wconf 89' lang='lat' dir='ltr'><strong>poterit,</strong></span> <span class='ocrx_word' id='word_1_104' title='bbox 584 1710 736 1792; x_wconf 89' lang='lat' dir='ltr'><strong>coniunx,</strong></span> <span class='ocrx_word' id='word_1_105' title='bbox 759 1711 925 1791; x_wconf 73' lang='lat' dir='ltr'><strong>ignoscere</strong></span> <span class='ocrx_word' id='word_1_106' title='bbox 947 1709 1044 1774; x_wconf 85' lang='lat' dir='ltr'><strong>Iuno:</strong></span> 
     </span>
     <span class='ocr_line' id='line_1_18' title="bbox 220 1793 1045 1878; baseline 0 -20"><span class='ocrx_word' id='word_1_107' title='bbox 220 1793 394 1878; x_wconf 82' lang='lat' dir='ltr'><strong>Frangitur</strong></span> <span class='ocrx_word' id='word_1_108' title='bbox 416 1797 448 1858; x_wconf 90' lang='lat' dir='ltr'><strong>et</strong></span> <span class='ocrx_word' id='word_1_109' title='bbox 469 1793 563 1874; x_wconf 85' lang='lat' dir='ltr'><strong>Iunc,</strong></span> <span class='ocrx_word' id='word_1_110' title='bbox 587 1795 678 1876; x_wconf 88' lang='lat' dir='ltr'><strong>siqua</strong></span> <span class='ocrx_word' id='word_1_111' title='bbox 699 1795 805 1878; x_wconf 89' lang='lat' dir='ltr'><strong>puella</strong></span> <span class='ocrx_word' id='word_1_112' title='bbox 826 1794 918 1878; x_wconf 92' lang='lat' dir='ltr'><strong>perit.</strong></span> <span class='ocrx_word' id='word_1_113' title='bbox 944 1852 946 1857; x_wconf 80' lang='grc'><strong>,</strong></span> <span class='ocrx_word' id='word_1_114' title='bbox 1032 1822 1045 1849; x_wconf 69' lang='lat'>0</span> 
     </span>
    </p>
   </div>
   <div class='ocr_carea' id='block_1_3' title="bbox 521 1924 672 1932">
    <p class='ocr_par' dir='ltr' id='par_1_3' title="bbox 521 1924 672 1932">
     <span class='ocr_line' id='line_1_19' title="bbox 521 1924 672 1932; baseline 0 -1"><span class='ocrx_word' id='word_1_115' title='bbox 521 1924 672 1932; x_wconf 79' lang='lat'>———-</span> 
     </span>
    </p>
   </div>
   <div class='ocr_carea' id='block_1_4' title="bbox 543 2009 654 2082">
    <p class='ocr_par' dir='ltr' id='par_1_4' title="bbox 543 2009 654 2082">
     <span class='ocr_line' id='line_1_20' title="bbox 543 2009 654 2082; baseline 0.018 -2"><span class='ocrx_word' id='word_1_116' title='bbox 543 2009 654 2082; x_wconf 89' lang='lat' dir='ltr'>XXV.</span> 
     </span>
    </p>
   </div>
   <div class='ocr_carea' id='block_1_5' title="bbox 134 2132 1130 3147">
    <p class='ocr_par' dir='ltr' id='par_1_5' title="bbox 134 2132 1130 3147">
     <span class='ocr_line' id='line_1_21' title="bbox 179 2132 1076 2218; baseline -0.003 -21"><span class='ocrx_word' id='word_1_117' title='bbox 179 2133 341 2198; x_wconf 89' lang='lat' dir='ltr'><strong>Deficiunt</strong></span> <span class='ocrx_word' id='word_1_118' title='bbox 361 2134 486 2218; x_wconf 85' lang='lat' dir='ltr'><strong>magico</strong></span> <span class='ocrx_word' id='word_1_119' title='bbox 509 2133 586 2198; x_wconf 91' lang='lat' dir='ltr'><strong>torti</strong></span> <span class='ocrx_word' id='word_1_120' title='bbox 609 2133 667 2196; x_wconf 93' lang='lat' dir='ltr'><strong>sub</strong></span> <span class='ocrx_word' id='word_1_121' title='bbox 690 2132 829 2196; x_wconf 85' lang='lat' dir='ltr'><strong>carmine</strong></span> <span class='ocrx_word' id='word_1_122' title='bbox 850 2132 992 2214; x_wconf 89' lang='lat' dir='ltr'><strong>rhombi,</strong></span> <span class='ocrx_word' id='word_1_123' title='bbox 1044 2145 1076 2194; x_wconf 83' lang='lat'><strong>35</strong></span> 
     </span>
     <span class='ocr_line' id='line_1_22' title="bbox 222 2217 904 2301; baseline 0 -19"><span class='ocrx_word' id='word_1_124' title='bbox 222 2218 265 2282; x_wconf 84' lang='lat' dir='ltr'><strong>Et</strong></span> <span class='ocrx_word' id='word_1_125' title='bbox 288 2220 369 2283; x_wconf 87' lang='lat' dir='ltr'><strong>iacet</strong></span> <span class='ocrx_word' id='word_1_126' title='bbox 391 2219 531 2282; x_wconf 86' lang='lat' dir='ltr'><strong>extincto</strong></span> <span class='ocrx_word' id='word_1_127' title='bbox 554 2217 661 2281; x_wconf 86' lang='lat' dir='ltr'><strong>laurus</strong></span> <span class='ocrx_word' id='word_1_128' title='bbox 683 2217 796 2280; x_wconf 88' lang='lat' dir='ltr'><strong>adusta</strong></span> <span class='ocrx_word' id='word_1_129' title='bbox 817 2218 904 2301; x_wconf 86' lang='lat' dir='ltr'><strong>foco,</strong></span> 
     </span>
     <span class='ocr_line' id='line_1_23' title="bbox 180 2301 1020 2386; baseline -0.001 -20"><span class='ocrx_word' id='word_1_130' title='bbox 180 2302 309 2366; x_wconf 80' lang='lat' dir='ltr'><strong>Etiam</strong></span> <span class='ocrx_word' id='word_1_131' title='bbox 331 2302 423 2367; x_wconf 90' lang='lat' dir='ltr'><strong>Luna</strong></span> <span class='ocrx_word' id='word_1_132' title='bbox 443 2304 542 2386; x_wconf 85' lang='lat' dir='ltr'><strong>negat</strong></span> <span class='ocrx_word' id='word_1_133' title='bbox 563 2302 682 2366; x_wconf 90' lang='lat' dir='ltr'><strong>totiens</strong></span> <span class='ocrx_word' id='word_1_134' title='bbox 704 2301 894 2386; x_wconf 85' lang='lat' dir='ltr'><strong>descendere</strong></span> <span class='ocrx_word' id='word_1_135' title='bbox 916 2303 1020 2384; x_wconf 89' lang='lat' dir='ltr'><strong>caelo,</strong></span> 
     </span>
     <span class='ocr_line' id='line_1_24' title="bbox 221 2387 950 2472; baseline 0 -21"><span class='ocrx_word' id='word_1_136' title='bbox 221 2387 387 2472; x_wconf 83' lang='lat' dir='ltr'><strong>Nigraque</strong></span> <span class='ocrx_word' id='word_1_137' title='bbox 408 2387 571 2451; x_wconf 89' lang='lat' dir='ltr'><strong>funestum</strong></span> <span class='ocrx_word' id='word_1_138' title='bbox 594 2387 735 2451; x_wconf 83' lang='lat' dir='ltr'><strong>concinit</strong></span> <span class='ocrx_word' id='word_1_139' title='bbox 758 2408 852 2450; x_wconf 92' lang='lat' dir='ltr'><strong>omen</strong></span> <span class='ocrx_word' id='word_1_140' title='bbox 874 2387 950 2451; x_wconf 87' lang='lat' dir='ltr'><strong>avis.</strong></span> 
     </span>
     <span class='ocr_line' id='line_1_25' title="bbox 150 2469 951 2555; baseline 0.002 -22"><span class='ocrx_word' id='word_1_141' title='bbox 150 2469 256 2535; x_wconf 84' lang='lat' dir='ltr'><strong>5Vna</strong></span> <span class='ocrx_word' id='word_1_142' title='bbox 278 2473 355 2535; x_wconf 86' lang='lat' dir='ltr'><strong>ratis</strong></span> <span class='ocrx_word' id='word_1_143' title='bbox 376 2472 436 2535; x_wconf 88' lang='lat' dir='ltr'><strong>fati</strong></span> <span class='ocrx_word' id='word_1_144' title='bbox 456 2475 583 2536; x_wconf 92' lang='lat' dir='ltr'><strong>nostros</strong></span> <span class='ocrx_word' id='word_1_145' title='bbox 605 2471 746 2555; x_wconf 85' lang='lat' dir='ltr'><strong>portabit</strong></span> <span class='ocrx_word' id='word_1_146' title='bbox 768 2492 892 2535; x_wconf 84' lang='lat' dir='ltr'><strong>amores</strong></span> <span class='ocrx_word' id='word_1_147' title='bbox 946 2488 951 2496; x_wconf 88' lang='lat'><em>·</em></span> 
     </span>
     <span class='ocr_line' id='line_1_26' title="bbox 224 2554 1077 2621; baseline -0.006 -1"><span class='ocrx_word' id='word_1_148' title='bbox 224 2554 359 2621; x_wconf 81' lang='lat' dir='ltr'><strong>Caerula</strong></span> <span class='ocrx_word' id='word_1_149' title='bbox 380 2556 420 2619; x_wconf 89' lang='lat' dir='ltr'><strong>ad</strong></span> <span class='ocrx_word' id='word_1_150' title='bbox 442 2555 585 2619; x_wconf 88' lang='lat' dir='ltr'><strong>infernos</strong></span> <span class='ocrx_word' id='word_1_151' title='bbox 606 2555 763 2618; x_wconf 86' lang='lat' dir='ltr'><strong>velificata</strong></span> <span class='ocrx_word' id='word_1_152' title='bbox 784 2556 880 2621; x_wconf 87' lang='lat' dir='ltr'><strong>lacus.</strong></span> <span class='ocrx_word' id='word_1_153' title='bbox 1044 2569 1077 2616; x_wconf 75' lang='grc' dir='ltr'><strong>1ο</strong></span> 
     </span>
     <span class='ocr_line' id='line_1_27' title="bbox 181 2639 925 2723; baseline -0.001 -18"><span class='ocrx_word' id='word_1_154' title='bbox 181 2639 214 2705; x_wconf 91' lang='lat' dir='ltr'><strong>Si</strong></span> <span class='ocrx_word' id='word_1_155' title='bbox 236 2661 303 2705; x_wconf 91' lang='lat' dir='ltr'><strong>non</strong></span> <span class='ocrx_word' id='word_1_156' title='bbox 324 2641 435 2723; x_wconf 91' lang='lat' dir='ltr'><strong>unius,</strong></span> <span class='ocrx_word' id='word_1_157' title='bbox 458 2661 589 2723; x_wconf 86' lang='lat' dir='ltr'><strong>quaese,</strong></span> <span class='ocrx_word' id='word_1_158' title='bbox 611 2640 760 2703; x_wconf 90' lang='lat' dir='ltr'><strong>miserere</strong></span> <span class='ocrx_word' id='word_1_159' title='bbox 782 2640 925 2704; x_wconf 92' lang='lat' dir='ltr'><strong>duorum.</strong></span> 
     </span>
     <span class='ocr_line' id='line_1_28' title="bbox 222 2723 924 2807; baseline -0.004 -18"><span class='ocrx_word' id='word_1_160' title='bbox 222 2724 353 2807; x_wconf 83' lang='lat' dir='ltr'><strong>Vivam,</strong></span> <span class='ocrx_word' id='word_1_161' title='bbox 376 2725 403 2788; x_wconf 91' lang='lat' dir='ltr'><strong>si</strong></span> <span class='ocrx_word' id='word_1_162' title='bbox 425 2725 524 2788; x_wconf 85' lang='lat' dir='ltr'><strong>vivet:</strong></span> <span class='ocrx_word' id='word_1_163' title='bbox 547 2723 575 2787; x_wconf 91' lang='lat' dir='ltr'><strong>si</strong></span> <span class='ocrx_word' id='word_1_164' title='bbox 597 2723 688 2788; x_wconf 91' lang='lat' dir='ltr'><strong>cadet</strong></span> <span class='ocrx_word' id='word_1_165' title='bbox 709 2725 779 2806; x_wconf 88' lang='grc'><strong>1113,</strong></span> <span class='ocrx_word' id='word_1_166' title='bbox 802 2724 924 2789; x_wconf 89' lang='lat' dir='ltr'><strong>cadam.</strong></span> 
     </span>
     <span class='ocr_line' id='line_1_29' title="bbox 180 2809 1021 2893; baseline -0.001 -20"><span class='ocrx_word' id='word_1_167' title='bbox 180 2809 243 2873; x_wconf 93' lang='lat' dir='ltr'><strong>Pro</strong></span> <span class='ocrx_word' id='word_1_168' title='bbox 267 2810 380 2892; x_wconf 89' lang='lat' dir='ltr'><strong>quibus</strong></span> <span class='ocrx_word' id='word_1_169' title='bbox 402 2809 520 2893; x_wconf 90' lang='lat' dir='ltr'><strong>optatis</strong></span> <span class='ocrx_word' id='word_1_170' title='bbox 543 2829 634 2872; x_wconf 87' lang='lat' dir='ltr'><strong>sacro</strong></span> <span class='ocrx_word' id='word_1_171' title='bbox 656 2830 706 2872; x_wconf 92' lang='lat' dir='ltr'><strong>me</strong></span> <span class='ocrx_word' id='word_1_172' title='bbox 729 2809 868 2873; x_wconf 86' lang='lat' dir='ltr'><strong>carmine</strong></span> <span class='ocrx_word' id='word_1_173' title='bbox 890 2809 1021 2872; x_wconf 89' lang='lat' dir='ltr'><strong>damno:</strong></span> 
     </span>
     <span class='ocr_line' id='line_1_30' title="bbox 134 2892 1076 2990; baseline 0.004 -38"><span class='ocrx_word' id='word_1_174' title='bbox 134 2907 165 2955; x_wconf 85' lang='lat'><strong>10</strong></span> <span class='ocrx_word' id='word_1_175' title='bbox 222 2892 366 2959; x_wconf 86' lang='lat' dir='ltr'><strong>Scribam</strong></span> <span class='ocrx_word' id='word_1_176' title='bbox 381 2915 441 2978; x_wconf 80' lang='lat' dir='ltr'><strong>ego</strong></span> <span class='ocrx_word' id='word_1_177' title='bbox 465 2903 538 2976; x_wconf 79' lang='lat' dir='ltr'><strong>‘per</strong></span> <span class='ocrx_word' id='word_1_178' title='bbox 553 2915 705 2990; x_wconf 74' lang='lat' dir='ltr'><strong>magnum</strong></span> <span class='ocrx_word' id='word_1_179' title='bbox 721 2894 807 2957; x_wconf 83' lang='lat' dir='ltr'><strong>selva</strong></span> <span class='ocrx_word' id='word_1_180' title='bbox 821 2894 927 2976; x_wconf 90' lang='lat' dir='ltr'><strong>puella</strong></span> <span class='ocrx_word' id='word_1_181' title='bbox 940 2893 1076 2976; x_wconf 81' lang='lat' dir='ltr'><strong>Iovem3’</strong></span> 
     </span>
     <span class='ocr_line' id='line_1_31' title="bbox 180 2977 1130 3062; baseline -0.004 -20"><span class='ocrx_word' id='word_1_182' title='bbox 180 2979 267 3043; x_wconf 85' lang='lat' dir='ltr'><strong>Ante</strong></span> <span class='ocrx_word' id='word_1_183' title='bbox 283 2982 418 3061; x_wconf 90' lang='lat' dir='ltr'><strong>tuosque</strong></span> <span class='ocrx_word' id='word_1_184' title='bbox 433 2979 529 3061; x_wconf 91' lang='lat' dir='ltr'><strong>pedes</strong></span> <span class='ocrx_word' id='word_1_185' title='bbox 544 2978 600 3041; x_wconf 89' lang='grc'><strong>1113</strong></span> <span class='ocrx_word' id='word_1_186' title='bbox 614 2999 685 3060; x_wconf 92' lang='lat' dir='ltr'><strong>1psa</strong></span> <span class='ocrx_word' id='word_1_187' title='bbox 698 2977 849 3061; x_wconf 88' lang='lat' dir='ltr'><strong>adoperta</strong></span> <span class='ocrx_word' id='word_1_188' title='bbox 864 2977 1001 3062; x_wconf 86' lang='lat' dir='ltr'><strong>sedebit,</strong></span> <span class='ocrx_word' id='word_1_189' title='bbox 1044 2992 1076 3038; x_wconf 74' lang='lat'><strong>45</strong></span> <span class='ocrx_word' id='word_1_190' title='bbox 1128 2985 1130 2989; x_wconf 78' lang='grc'>’</span> 
     </span>
     <span class='ocr_line' id='line_1_32' title="bbox 223 3062 919 3147; baseline 0.001 -22"><span class='ocrx_word' id='word_1_191' title='bbox 223 3062 435 3146; x_wconf 87' lang='lat' dir='ltr'><strong>Narrabitque</strong></span> <span class='ocrx_word' id='word_1_192' title='bbox 458 3062 571 3126; x_wconf 89' lang='lat' dir='ltr'><strong>sedens</strong></span> <span class='ocrx_word' id='word_1_193' title='bbox 594 3063 691 3147; x_wconf 88' lang='lat' dir='ltr'><strong>longa</strong></span> <span class='ocrx_word' id='word_1_194' title='bbox 712 3062 831 3145; x_wconf 90' lang='lat' dir='ltr'><strong>pericla</strong></span> <span class='ocrx_word' id='word_1_195' title='bbox 853 3083 919 3126; x_wconf 90' lang='lat' dir='ltr'><strong>sua.</strong></span> 
     </span>
    </p>
   </div>
   <div class='ocr_carea' id='block_1_6' title="bbox 523 3194 675 3202">
    <p class='ocr_par' dir='ltr' id='par_1_6' title="bbox 523 3194 675 3202">
     <span class='ocr_line' id='line_1_33' title="bbox 523 3194 675 3202; baseline 0 0"><span class='ocrx_word' id='word_1_196' title='bbox 523 3194 675 3202; x_wconf 69' lang='lat' dir='ltr'>——n—</span> 
     </span>
    </p>
   </div>
   <div class='ocr_carea' id='block_1_7' title="bbox 531 3277 662 3350">
    <p class='ocr_par' dir='ltr' id='par_1_7' title="bbox 531 3277 662 3350">
     <span class='ocr_line' id='line_1_34' title="bbox 531 3277 662 3350; baseline 0.008 -1"><span class='ocrx_word' id='word_1_197' title='bbox 531 3277 662 3350; x_wconf 88' lang='lat' dir='ltr'>XXVI.</span> 
     </span>
    </p>
   </div>
   <div class='ocr_carea' id='block_1_8' title="bbox 182 3400 1043 3655">
    <p class='ocr_par' dir='ltr' id='par_1_8' title="bbox 182 3400 1043 3655">
     <span class='ocr_line' id='line_1_35' title="bbox 182 3400 1043 3485; baseline -0.002 -19"><span class='ocrx_word' id='word_1_198' title='bbox 182 3400 269 3467; x_wconf 86' lang='lat' dir='ltr'><strong>Haec</strong></span> <span class='ocrx_word' id='word_1_199' title='bbox 285 3405 348 3484; x_wconf 89' lang='lat' dir='ltr'><strong>tua,</strong></span> <span class='ocrx_word' id='word_1_200' title='bbox 364 3400 578 3485; x_wconf 88' lang='lat' dir='ltr'><strong>Persephone,</strong></span> <span class='ocrx_word' id='word_1_201' title='bbox 592 3404 721 3465; x_wconf 88' lang='lat' dir='ltr'><strong>maneat</strong></span> <span class='ocrx_word' id='word_1_202' title='bbox 736 3401 914 3484; x_wconf 84' lang='lat' dir='ltr'><strong>clementia,</strong></span> <span class='ocrx_word' id='word_1_203' title='bbox 926 3421 986 3465; x_wconf 93' lang='lat' dir='ltr'><strong>nec</strong></span> <span class='ocrx_word' id='word_1_204' title='bbox 998 3404 1043 3483; x_wconf 89' lang='lat' dir='ltr'><strong>tu,</strong></span> 
     </span>
     <span class='ocr_line' id='line_1_36' title="bbox 224 3485 969 3570; baseline -0.003 -20"><span class='ocrx_word' id='word_1_205' title='bbox 224 3485 447 3570; x_wconf 89' lang='lat' dir='ltr'><strong>Persephonae</strong></span> <span class='ocrx_word' id='word_1_206' title='bbox 470 3486 622 3568; x_wconf 87' lang='lat' dir='ltr'><strong>coniunx,</strong></span> <span class='ocrx_word' id='word_1_207' title='bbox 646 3485 769 3549; x_wconf 87' lang='lat' dir='ltr'><strong>saevior</strong></span> <span class='ocrx_word' id='word_1_208' title='bbox 790 3508 858 3550; x_wconf 92' lang='lat' dir='ltr'><strong>esse</strong></span> <span class='ocrx_word' id='word_1_209' title='bbox 880 3485 969 3550; x_wconf 81' lang='lat' dir='ltr'><strong>velis</strong></span> 
     </span>
     <span class='ocr_line' id='line_1_37' title="bbox 182 3570 965 3655; baseline -0.003 -19"><span class='ocrx_word' id='word_1_210' title='bbox 182 3571 265 3636; x_wconf 85' lang='lat' dir='ltr'><strong>Sunt</strong></span> <span class='ocrx_word' id='word_1_211' title='bbox 286 3571 371 3655; x_wconf 87' lang='lat' dir='ltr'><strong>apud</strong></span> <span class='ocrx_word' id='word_1_212' title='bbox 392 3570 535 3634; x_wconf 79' lang='lat' dir='ltr'><strong>infernos</strong></span> <span class='ocrx_word' id='word_1_213' title='bbox 557 3572 607 3633; x_wconf 89' lang='lat' dir='ltr'><strong>tot</strong></span> <span class='ocrx_word' id='word_1_214' title='bbox 628 3570 717 3633; x_wconf 88' lang='lat' dir='ltr'><strong>milia</strong></span> <span class='ocrx_word' id='word_1_215' title='bbox 739 3571 965 3634; x_wconf 76' lang='lat' dir='ltr'><strong>formosarumr</strong></span> 
     </span>
    </p>
   </div>
   <div class='ocr_carea' id='block_1_9' title="bbox 0 0 1200 3990">
    <p class='ocr_par' dir='ltr' id='par_1_9' title="bbox 0 0 1200 3990">
     <span class='ocr_line' id='line_1_38' title="bbox 0 0 1200 3990; baseline 0 0"><span class='ocrx_word' id='word_1_216' title='bbox 0 0 1200 3990; x_wconf 95' lang='lat' dir='ltr'><strong> </strong></span> 
     </span>
    </p>
   </div>
  </div>
 </body>
</html>
