2392 3990
125 219 166 284 90
513 225 707 283 1101111111
981 219 1072 294 [xxm
1112 248 1118 302 1

230 386 367 474 Volgari
388 389 473 454 buxo
496 389 625 454 sordida
645 409 718 454 cera
738 389 809 453 fuit.
1116 456 1118 474 Ι

188 471 440 557 Qualescumque
462 474 543 537 mihi
564 495 689 558 semper
710 493 857 537 mansere
878 470 1005 555 fideles,

139 567 171 619 ιο
228 555 361 640 Semper
383 561 416 621 et
437 559 568 622 effeetus
589 578 791 642 promeruere
813 556 926 621 bonos
983 587 987 592 ·

187 641 337 705 Forsitan
357 641 437 706 haec
458 643 523 706 illis
544 643 664 706 fuerint
684 641 835 706 mandata
856 640 999 704 tabellis:

231 724 385 810 ‘Irascor,
409 727 585 810 quoniam's
607 728 708 808 lente,
729 729 871 790 moratus
892 722 972 788 heri.

187 811 240 873 An
262 810 323 874 tibi
344 812 535 894 nescioquae
556 811 656 875 visast
675 809 868 874 formosior?
891 831 935 873 an
955 811 992 872 tu

230 893 307 958 Non
328 895 409 959 bene
432 894 471 959 de
491 895 586 961 nobis
609 895 742 959 crimina
763 895 837 958 fieta
857 892 977 957 iacisl'

141 991 172 1040 15
186 980 255 1042 Aut
275 978 370 1043 dixti:
394 979 512 1043 ‘venies
534 979 644 1064 hodie,
668 979 861 1043 cessabimus
882 999 962 1041 una:

229 1062 415 1147 Hospitium
436 1067 506 1127 tota
526 1068 621 1128 noete
642 1064 769 1148 parabit
791 1064 918 1143 Amor,'

188 1147 233 1211 Et
253 1168 468 1231 quaecumque
488 1149 599 1212 volens
620 1149 740 1232 reperit
759 1169 827 1211 non
849 1148 947 1211 stulta
967 1145 1082 1230 puella,

230 1230 365 1296 Garrula
386 1253 459 1296 cum
480 1231 606 1296 blandis
629 1232 744 1296 dieitm
767 1232 847 1296 hora
868 1231 960 1296 dolis.

189 1315 241 1380 Me
262 1317 414 1381 miserum
450 1315 501 1380 his
523 1316 637 1400 aliquis
658 1318 816 1382 rationem
843 1316 955 1380 scribit
976 1335 1083 1380 avarus

139 1413 172 1462 20
228 1398 273 1465 Et
292 1400 387 1485 ponit
408 1365 502 1465 (iuras
523 1401 608 1464 inter
630 1400 859 1485 ephemeridas,

188 1484 273 1560 Quas
295 1485 395 1568 siquis
416 1485 496 1549 mihi
517 1486 691 1568 rettulerit,
715 1485 886 1550 donabitur
908 1506 996 1550 auro.

231 1567 309 1643 Quis
331 1590 389 1653 1110
412 1568 531 1633 divitiis
553 1569 643 1653 ligna
664 1572 789 1634 retenta
810 1569 908 1634 velit?

188 1652 204 1716 Ι
224 1674 317 1735 puer,
340 1656 373 1716 et
394 1652 476 1717 citus
498 1653 577 1717 haee
598 1654 704 1737 aliqua
724 1676 782 1739 pro
807 1674 868 1718 one
890 1654 1054 1737 columna,

230 1736 274 1800 Et
295 1735 460 1801 dominum
480 1737 634 1821 Esquiliis
657 1739 759 1803 scribe
780 1677 925 1802 babitare
945 1740 1047 1804 tuum.

530 1952 681 2026 XXIIII.

189 2073 315 2138 Falsast
334 2075 397 2139 ista
417 2077 492 2139 tuae
498 2124 507 2158 ,
529 2075 657 2159 mulier,
678 2076 794 2139 fiducia
814 2077 952 2160 formae,

233 2158 319 2224 Olim
341 2160 441 2224 oculis
462 2161 598 2224 nimium
619 2161 705 2225 faeta
726 2160 862 2244 superba
882 2161 973 2225 meis.

190 2243 308 2308 Noster
329 2265 418 2308 amor
438 2245 518 2307 tales
540 2245 653 2307 tribuit
673 2245 748 2328 tibi,
772 2243 927 2328 Cynthia,
949 2242 1077 2312 laudesr

233 2326 386 2391 Versibus
408 2328 569 2412 insignem
589 2331 622 2392 te
643 2329 742 2412 pudet
762 2351 831 2393 esse
852 2329 942 2394 meis.

161 2411 328 2474 sMixtam
348 2414 381 2475 te
401 2412 488 2473 varia
509 2410 635 2475 laudavi
656 2435 749 2498 saepe
768 2413 885 2498 figura,

232 2494 292 2573 Vt,
316 2495 401 2578 quod
421 2516 489 2558 non
511 2517 612 2580 esses,
635 2517 704 2562 esse
725 2501 854 2581 putaret
876 2519 984 2583 amor,

190 2580 233 2643 Et
255 2579 343 2643 color
365 2582 414 2642 est
434 2580 552 2644 totiens
573 2602 666 2647 roseo
689 2583 822 2647 collatus
844 2583 930 2666 Eoo,

234 2662 314 2727 Cum
336 2663 396 2726 tibi
418 2665 578 2747 quaesitus
601 2667 718 2730 candor
739 2668 775 2730 in
796 2688 851 2731 ore
872 2668 970 2732 foret:

191 2747 282 2823 Quod
304 2746 384 2810 mihi
405 2769 473 2811 non
493 2749 588 2832 1111111
609 2754 759 2833 poterant
780 2755 922 2816 avertere
944 2750 1055 2836 1111101,

144 2847 175 2894 10
231 2831 348 2896 Eluere
371 2834 427 2895 aut
447 2837 537 2896 vasto
558 2833 711 2899 Thessala
733 2858 810 2922 saga
830 2837 919 2902 mari.

189 2916 279 2980 Haec
301 2937 376 3001 ego,
399 2937 466 2980 non
487 2917 588 2999 ferro,
610 2941 677 2982 non
697 2920 773 3004 igne
796 2923 938 3004 coactus,
967 2923 1000 2985 et
1019 2920 1089 3005 ipsu

230 3000 415 3086 Naufragus
436 3003 566 3086 Aegaea
586 3025 660 3066 vera
680 3004 805 3069 fatebar
827 3027 917 3088 equa.

190 3083 362 3169 Correptus
385 3108 478 3150 saevo
502 3086 634 3150 Veneris
655 3089 798 3153 torrebar
821 3089 942 3154 ahenos

232 3169 368 3235 Vinctus
391 3192 478 3234 eram
498 3192 607 3235 versas
629 3172 663 3235 in
684 3194 756 3238 mea
776 3177 868 3259 terga
889 3196 1012 3241 manus.

143 3255 272 3319 11Εοοε
295 3258 466 3320 coronatae
488 3259 617 3339 portum
637 3258 772 3354 tetigere
795 3259 937 3343 carinae,

231 3338 396 3404 Traiectae
418 3339 542 3424 Syrtes,
566 3361 683 3405 ancora
704 3345 787 3406 recta
808 3342 929 3408 mihist.

188 3425 283 3492 Nunc
306 3424 433 3488 demum
453 3427 544 3488 vasto
566 3425 644 3489 fessi
663 3427 879 3511 resipiscimus
901 3429 1007 3513 aestu,

231 3509 433 3593 Volneraque
456 3509 495 3572 ad
518 3531 630 3573 sanum
651 3532 737 3576 nunc
760 3512 862 3576 coiere
883 3534 964 3577 mea.
