2392 3990
117 254 160 320 36
460 217 464 223 ⁴
503 255 697 312 raoeaaru
1034 253 1077 324 [v.

181 419 316 504 Deinde,
331 419 387 484 ubi
403 420 585 503 suppositus
599 420 737 482 cinerem
747 440 798 482 me
809 417 920 482 fecerit
934 414 1079 496 ardor,15

224 505 373 588 Accipiat
392 503 504 567 Manes
526 503 656 586 parvola
676 507 760 567 testa
780 523 879 582 meos,

182 589 227 654 Et
247 591 290 653 sit
311 590 347 653 in
369 589 484 673 exiguo
507 588 613 651 laurus
635 609 730 671 super
751 586 859 650 addita
881 586 992 668 busto,

227 673 313 748 Quae
335 676 426 756 tegat
447 672 580 736 extincti
601 671 721 735 funeris
742 671 856 735 umbra
876 670 998 751 locum,

134 769 167 822 ao
181 756 226 824 Et
236 757 297 821 duo
310 758 376 820 sint
386 778 506 838 versus,
519 757 585 838 <qui
596 777 682 818 nunc
690 756 772 819 iacet
781 753 911 820 horrida
921 753 1036 837 pulviS,

225 841 327 906 Vnius
348 841 403 905 hic
424 840 584 924 quondam
605 861 714 904 servus
735 840 852 903 amoris
874 842 965 902 erat?
1050 850 1084 898 20

185 926 217 992 N
219 948 255 990 eo
269 927 375 990 minus
389 925 469 989 haec
483 925 586 988 nostri
601 926 746 1002 notescet
759 925 846 987 fama
860 921 1030 1006 sepulchri,

227 1010 328 1085 Quam
350 1010 466 1073 florent
487 1008 596 1072 Phthii
617 1008 712 1072 busta
734 1013 864 1074 eruenta
885 1007 955 1071 viri.

185 1094 233 1159 Tu
269 1116 373 1178 uoque
396 1094 422 1157 si
459 1093 563 1156 uando
585 1093 693 1157 venies
715 1093 857 1174 adfata,
879 1096 1042 1154 memento

136 1193 170 1241 40
261 1180 396 1243 ociter:
420 1115 460 1240 ad
482 1177 603 1261 lapides
626 1198 706 1240 cana
726 1178 800 1241 veni
820 1197 987 1240 memores.

185 1264 312 1328 Interea
334 1284 409 1326 cave
432 1262 475 1325 sis
497 1282 557 1324 nos
579 1266 748 1344 aspernata
770 1261 926 1345 sepultos:
1052 1274 1086 1321 25

228 1346 387 1413 Nonnihil
409 1347 451 1410 ad
472 1367 581 1409 verum
603 1349 731 1412 conseia
751 1350 837 1409 terra
858 1345 951 1429 sapit.

185 1433 291 1515 Atque
306 1433 429 1495 utinam
443 1431 555 1514 primis
571 1431 710 1494 animam
725 1452 775 1494 me
789 1451 908 1514 ponere
924 1430 1015 1494 cunis

228 1516 378 1580 Iussisset
399 1521 527 1597 quaevis
550 1514 588 1578 de
609 1515 712 1578 tribus
734 1537 798 1579 una
820 1517 924 1578 soror!
1096 1587 1101 1596 ,

137 1613 170 1664 45
184 1600 268 1666 Nam
291 1603 441 1683 quotam
464 1598 578 1662 dubiae
601 1603 742 1662 servetur
765 1600 894 1682 spiritus
916 1599 1037 1662 horae?

228 1684 376 1750 Nestoris
398 1686 447 1746 est
467 1684 553 1746 visus
576 1686 650 1765 post
670 1685 732 1747 tria
754 1684 859 1747 saecla
882 1683 977 1746 cinis:
1053 1696 1089 1744 30

187 1769 248 1836 Oui
271 1769 297 1831 si
320 1768 494 1852 longaevae
515 1767 684 1831 minuisset
705 1769 772 1832 fata
794 1774 938 1831 senectae

230 1852 371 1916 Gallicus
393 1850 499 1914 Iliacis
521 1852 612 1915 miles
634 1852 669 1914 in
691 1853 872 1936 aggeribus,

187 1936 263 2002 Non
285 1940 340 2000 aut
361 1935 525 2000 Antilochi
547 1936 679 2000 vidisset
701 1958 814 2020 corpus
836 1936 975 2018 humari,

138 2036 172 2085 50
229 2020 359 2085 Diceret
380 2024 435 2084 aut
456 2030 487 2084 ‘o
509 2041 606 2102 mors,
629 2042 684 2084 cur
706 2021 785 2084 mihi
807 2043 877 2084 sera
897 2021 1022 2085 venis?'

188 2105 237 2169 Tu
250 2109 358 2170 tamen
373 2105 489 2168 amisso
505 2126 572 2168 non
586 2127 759 2188 numquam
774 2106 865 2169 flebis
880 2106 998 2169 amico:
1053 2120 1089 2167 35

229 2189 291 2254 Fas
313 2193 363 2253 est
383 2191 571 2272 praeteritos
593 2210 718 2272 semper
738 2212 843 2253 amare
866 2197 960 2254 viros.

189 2273 302 2357 Testis,
326 2275 377 2337 oui
398 2274 526 2336 niveum
548 2274 707 2355 quondam
728 2275 884 2356 percussit
904 2274 1052 2338 Adonem

230 2358 409 2422 Venantem
431 2356 532 2420 Idalio
555 2358 672 2421 vertice
695 2358 790 2420 durus
812 2380 902 2441 aper:

139 2456 173 2506 55
187 2441 257 2507 lllis
278 2442 455 2505 formosum
477 2442 634 2505 vocitasse
656 2442 836 2525 paludibus,
860 2442 935 2506 illuc

230 2526 355 2590 Diceris
378 2526 476 2590 effusa
498 2530 542 2607 tu,
562 2524 682 2608 Venus,
704 2528 766 2589 isse
789 2548 887 2589 coma.
1055 2541 1089 2590 4ο

189 2610 252 2678 Sed
273 2611 392 2673 frustra
413 2612 519 2673 mutos
531 2611 714 2693 revocabis,
738 2610 885 2693 Cynthia,
908 2611 1034 2675 Manes:

231 2693 316 2759 Nam
338 2715 410 2758 mea
432 2693 507 2777 quid
529 2698 680 2779 poterunt
702 2716 774 2758 ossa
795 2696 919 2758 minuta
941 2696 1051 2779 loqui?

493 2908 545 2981 vr
571 2910 713 3002 [viriq.

190 3031 266 3097 Non
287 3031 334 3095 ita
355 3030 517 3095 Dardanio
540 3034 668 3117 gavisus
690 3031 806 3096 Atrida
826 3033 1033 3118 triumphost,

233 3116 314 3181 Cum
336 3117 485 3180 caderent
506 3138 640 3200 magnae
662 3115 887 3182 Laomedontis
910 3140 986 3202 opes
993 3168 1002 3202 ,

190 3199 259 3266 Neo
281 3201 328 3265 sic
350 3222 454 3264 errore
477 3205 588 3264 exacto
610 3201 744 3263 laetatus
759 3200 884 3285 Vlixes,

234 3283 315 3349 Cum
336 3285 444 3368 tetigit
465 3305 555 3348 carae
577 3285 686 3348 littora
704 3285 884 3371 Dulichiae,

165 3368 262 3435 oNeo
285 3370 331 3432 sic
351 3368 494 3448 Electra,
518 3369 639 3432 salvum
661 3391 732 3432 oum
755 3371 878 3452 aspexit
901 3372 1052 3459 Oresten,

235 3453 332 3518 Cuius
354 3453 435 3515 falsa
456 3456 568 3516 tenens
590 3453 719 3516 fleverat
741 3475 813 3518 ossa
835 3476 941 3541 soror,

146 3562 149 3566 ⁴
191 3537 259 3602 Nec
282 3538 327 3601 sio
349 3537 539 3601 incolumem
561 3537 679 3601 Minois
701 3537 823 3603 Thesea
844 3541 940 3624 vidit,
