2392 3990
117 247 156 309 14
497 251 690 306 raormuu
885 265 887 268 <
974 252 1070 322 pruu

218 411 378 477 ulmodo
400 416 467 476 tam
488 413 596 476 tardas
618 413 747 477 funibus
769 413 814 478 ire
836 417 935 495 natea,

148 495 224 560 5Et
244 519 355 561 nemus
377 497 462 561 unde
485 501 570 562 satas
592 498 738 562 intendat
759 499 876 561 vertice
899 498 1010 582 silvas,

218 580 359 665 Vrgetur
381 583 507 664 quantis
530 582 689 648 Caucasus
711 583 891 647 arboribus:

175 664 251 729 Non
273 671 381 729 tamen
402 670 464 730 ista
486 688 557 730 meo
580 667 706 730 valeant
727 667 918 731 contendere
941 669 1062 733 amori:

219 749 332 814 Nescit
354 754 454 815 Amor
475 751 601 835 magnis
624 750 733 815 cedere
756 751 883 816 divitiis.

174 833 260 900 Nam
282 835 347 898 sive
370 839 510 918 optatam
532 857 656 899 mecum
678 835 778 898 trahit
799 836 855 899 illa
876 836 1029 920 quietem,

129 932 160 980 10
216 917 278 983 Seu
300 919 386 982 facili
408 923 512 983 totum
533 920 619 984 ducit
640 941 747 983 amore
769 920 868 1003 diem,

175 1002 256 1067 Tum
277 1004 356 1067 mihi
378 1003 501 1067 Pactoli
522 1005 654 1068 veniunt
675 1006 733 1067 sub
755 1007 840 1069 tecta
861 1005 999 1087 liquores
1006 1056 1015 1087 ‚

219 1087 264 1151 Et
284 1088 313 1151 le
340 1089 401 1151 ‘tur
421 1088 525 1152 rubris
547 1110 674 1172 gemma
696 1089 753 1152 sub
776 1089 979 1172 aequoribus:

176 1170 259 1235 Tum
280 1173 324 1235 mi
349 1173 360 1234 i
382 1193 526 1236 cessuros
549 1173 708 1255 spondent
729 1195 799 1237 mea
825 1173 942 1269 gaudia
963 1195 1070 1258 reges:

217 1256 304 1331 Quae
326 1259 491 1338 maneant,
514 1255 589 1320 dum
611 1279 661 1320 me
682 1258 749 1320 fata
770 1280 873 1340 perire
895 1259 1013 1322 volent.

126 1353 157 1402 15
172 1340 257 1405 Nam
279 1342 349 1424 quis
372 1340 490 1404 divitiis
513 1341 643 1404 adverso
666 1342 784 1426 gaudet
804 1342 946 1405 Amore?

215 1425 315 1490 Nulla
335 1424 415 1488 mihi
435 1426 520 1488 tristi
541 1426 682 1508 praemia
703 1427 769 1489 sint
789 1425 922 1490 Venere.

175 1507 237 1573 Illa
258 1513 365 1593 potest
386 1531 518 1593 magnas
540 1508 674 1573 heroum
695 1510 870 1593 infringere
892 1511 991 1591 vires,

216 1593 277 1658 Illa
298 1595 394 1658 etiam
417 1593 503 1657 duris
524 1595 684 1658 mentibus
706 1616 775 1658 esse
797 1595 896 1658 dolor.

173 1677 236 1743 Illa
257 1699 359 1761 neque
380 1678 535 1742 Arabium
558 1679 671 1742 metuit
693 1679 914 1744 transcendere
936 1679 1051 1763 limen,

124 1776 158 1824 20
214 1762 282 1827 Nec
303 1763 396 1826 timet
418 1763 554 1844 ostrin0‚
577 1763 684 1845 Tulle,
709 1763 814 1827 subire
835 1768 906 1827 toro

173 1847 218 1911 Et
238 1847 389 1910 miserum
411 1850 479 1910 toto
501 1847 645 1911 iuvenem
669 1869 793 1911 versare
816 1848 926 1912 cubili:

219 1931 302 2006 Quid
323 1932 466 1995 relevant
487 1932 582 1995 variis
605 1931 706 1996 serica
726 1932 910 1996 textilibus?

174 2015 261 2092 Quae
280 2015 359 2079 mihi
382 2016 454 2080 dum
478 2017 603 2099 placata
625 2015 741 2096 aderit,
764 2038 830 2079 non
851 2016 916 2079 ulla
938 2019 1068 2081 verebor

217 2099 331 2184 Regna
353 2103 408 2164 aut
428 2101 557 2165 Alcinoi
579 2122 711 2164 munera
733 2100 902 2183 despicere.

513 2223 666 2232 ——

553 2314 631 2388 XV.

174 2439 235 2506 sae
259 2460 276 2503 e
298 2459 358 2522 ego
380 2437 480 2501 multa
500 2440 573 2500 tuae
595 2437 734 2501 levitatis
756 2437 835 2501 dura
855 2438 1016 2521 timebam,

251 2521 295 2586 ac⁸
309 2526 419 2586 tamen
440 2524 588 2603 excepta,
612 2520 765 2604 Cynthia,
787 2522 927 2606 perfidia.

174 2609 221 2672 As
245 2608 295 2672 ioe
317 2628 367 2670 me
390 2609 508 2688 quanto
529 2605 634 2688 rapiat
654 2606 782 2669 fortuna
803 2608 937 2689 periclo:

123 2765 125 2768 Α
216 2630 265 2757 'lb
287 2694 396 2755 tamen
417 2691 451 2753 in
474 2692 585 2753 nostro
607 2690 694 2754 lenta
715 2690 830 2754 timore
851 2692 955 2770 renis,

144 2775 220 2842 rut
240 2777 332 2859 potes
353 2774 520 2839 hesternos
542 2775 689 2837 manibus
712 2795 890 2857 conponere
914 2776 1016 2839 crines

215 2861 261 2926 Et
281 2861 380 2944 longa
401 2858 515 2923 faciem
538 2880 686 2941 quaerere
708 2857 842 2939 desidia,

173 2945 245 3012 Neo
265 2945 371 3009 minus
392 2942 471 3007 Eois
492 2946 603 3027 pectus
625 2942 745 3006 variare
767 2943 894 3025 lapillis,

214 3029 261 3094 Vt
281 3028 424 3094 formosa
444 3048 527 3092 novo
550 3048 629 3109 quae
651 3029 744 3109 parat
764 3027 810 3090 ire
832 3027 910 3091 viro

174 3116 222 3180 At
241 3136 309 3180 non
331 3113 377 3178 sic
398 3111 501 3178 lthaci
523 3111 666 3195 digressu
687 3114 776 3174 mota
797 3108 935 3193 Calypso

125 3211 159 3266 10
213 3198 358 3264 Desertis
380 3197 457 3261 olim
478 3195 607 3258 fleverat
628 3194 830 3276 aequoribus:

173 3285 293 3351 Multos
315 3282 373 3346 illa
394 3281 461 3345 dies
482 3278 653 3360 incomptis
676 3281 798 3342 maesta
819 3278 943 3362 capillis

217 3368 363 3449 Sederat,
385 3366 504 3430 iniusto
526 3362 628 3426 multa
649 3363 756 3427 locuta
777 3361 844 3425 salo
850 3412 859 3445 ‚

172 3452 218 3521 ut
259 3451 382 3517 uamris
402 3468 576 3530 numquam
595 3448 670 3529 post
688 3445 766 3510 haec
781 3448 885 3510 visura
900 3447 1028 3513 dolebat

273 3526 277 3541 ⁸
298 3540 408 3601 tamen
429 3534 546 3615 longao
569 3530 696 3595 conscia
717 3530 865 3596 laetitiae.
