2392 3990
116 202 157 266 74
503 207 699 263 euoensru
997 209 1081 275 [vui.

180 369 266 434 Inter
288 368 478 434 Callimachi
500 374 550 432 sat
572 371 634 434 erit
654 370 811 453 placuisse
832 369 961 433 libellos

220 454 264 517 Et
286 455 439 518 cecinisse
460 454 579 536 modis,
603 455 669 519 Coe
690 459 800 537 pocta,
824 455 897 519 tuis

131 550 162 598 le
177 537 265 602 Haec
286 542 381 602 urant
401 559 531 621 pueroS,
553 539 633 602 haec
653 543 748 601 urant
769 539 889 621 scripta
909 537 1047 620 puellas,

220 622 336 704 Meque
358 621 452 686 deum
474 623 615 687 clament
635 627 669 686 et
689 622 769 686 mihi
791 645 881 686 sacra
901 624 1016 686 ferant.

179 706 224 770 Te
239 706 318 770 duce
333 707 384 770 vel
399 706 485 770 lovis
500 729 590 770 arma
604 728 716 772 canam
737 707 887 790 caeloque
902 708 1076 770 minantem

221 789 342 855 Coeum
364 794 397 855 et
417 791 601 876 Phlegraeis
624 791 841 855 Oromedonta
862 793 961 873 iugis,

179 874 333 958 celsaque
353 874 507 939 Romanis
529 875 678 958 decerpta
698 876 816 958 palatia
837 877 937 938 tauris

132 973 165 1019 50
222 959 336 1023 Ordiar
357 964 391 1023 ct
412 982 504 1024 caeso
525 962 653 1024 moenia
673 960 765 1023 firma
786 960 904 1041 Remo,

179 1043 384 1127 Eductosque
405 1066 498 1128 pares
520 1045 659 1107 silvestri
681 1065 719 1108 ex
740 1045 836 1108 ubere
857 1065 966 1128 regeS,

221 1127 351 1192 Crescet
372 1132 405 1192 et
426 1129 590 1213 ingenium
617 1129 676 1193 sub
696 1133 753 1192 tua
772 1130 859 1192 iussa
879 1151 1001 1208 meum,

178 1211 357 1295 Prosequar
378 1217 411 1276 et
431 1234 541 1277 currus
562 1218 697 1296 utroque
717 1214 759 1276 ab
780 1214 873 1276 litote
895 1219 1044 1294 ovantes,

220 1296 412 1360 Parthorum
434 1301 557 1361 astutae
578 1297 643 1361 tela
663 1299 797 1360 remissa
817 1297 926 1382 higae,

130 1395 163 1441 oe
177 1378 352 1464 Castraque
372 1382 481 1446 Pelusi
501 1381 646 1446 Romano
669 1383 801 1446 subruta
821 1382 922 1464 ferro,

223 1466 408 1549 Antonique
429 1488 544 1551 graves
565 1467 601 1528 in
622 1489 679 1530 sua
699 1466 766 1530 fata
786 1488 909 1529 manus

179 1548 288 1614 Mollis
308 1554 345 1613 tu
366 1555 497 1634 coeptae
519 1551 625 1614 fautor
646 1572 723 1633 cape
745 1551 814 1614 lora
834 1552 995 1630 iuventae,

222 1633 422 1719 Dexteraque
443 1635 585 1698 inmissis
607 1635 648 1698 da
668 1635 748 1698 mihi
770 1636 864 1718 signa
885 1635 975 1698 rotis,

179 1717 251 1782 Hoc
272 1718 366 1800 mihi,
389 1719 572 1801 Maecenas,
594 1719 698 1785 laudis
718 1719 882 1800 concedis,
906 1723 939 1782 et
960 1740 980 1782 a
1000 1723 1077 1802 test,

131 1817 166 1864 ao
222 1802 315 1878 Quod
335 1804 421 1867 ferar
441 1804 475 1867 in
496 1807 603 1887 partes
625 1805 694 1887 ipse
715 1805 815 1868 fuisse
835 1807 917 1867 tuas.

524 1935 676 1944 ——.

500 2019 604 2094 vnn
632 2015 707 2120 [X]

181 2140 336 2225 Mirabar,
359 2133 510 2224 quidnam
531 2143 695 2206 misissent
716 2163 810 2205 mane
833 2140 1006 2223 Camenae,

107 2276 111 2283 .
224 2229 308 2290 Ante
331 2248 436 2290 meum
458 2232 580 2290 stantes
602 2227 669 2290 sole
690 2227 824 2290 rubente
845 2229 962 2288 torum.

181 2310 306 2375 Natalis
327 2315 456 2374 nostrae
478 2313 606 2395 signum
627 2311 742 2374 misere
763 2311 888 2393 puellae

226 2394 271 2458 Et
291 2394 438 2458 manibus
460 2394 583 2458 faustos
605 2399 654 2458 ter
676 2415 824 2478 crepuere
847 2415 953 2460 sonos.

153 2478 339 2542 oTranseat
360 2478 412 2542 hic
434 2479 503 2542 sine
524 2478 609 2542 nube
630 2479 697 2543 dies
704 2528 713 2561 ,
736 2482 823 2543 stent
843 2501 915 2542 aere
936 2478 1039 2562 renti,

225 2564 330 2627 Ponat
352 2563 440 2627 etin
461 2563 545 2627 sicco
567 2563 709 2628 molliter
728 2564 815 2627 unda
835 2562 948 2626 minas.

182 2649 228 2710 As
252 2647 346 2711 iciam
367 2647 473 2710 nullos
495 2646 650 2712 hodierna
671 2649 741 2712 luce
764 2649 922 2729 dolentes,

225 2670 270 2795 ht
290 2731 415 2795 Niobae
437 2732 583 2796 lacrimas
606 2734 783 2816 supprimat
804 2733 873 2815 ipse
894 2732 993 2814 lapis,
1080 2807 1084 2815 Ι

182 2816 363 2898 Alcyonum
384 2816 498 2898 positis
520 2818 720 2900 requiescant
741 2838 797 2880 ora
818 2817 955 2899 querelis
961 2865 970 2897 ,

135 2915 167 2962 ιο
222 2899 371 2983 increpet
392 2901 592 2984 absumptum
614 2923 674 2965 nec
696 2923 753 2965 sua
774 2906 876 2964 mater
897 2899 987 2984 Ityn,

183 2984 308 3068 Tuque,
331 3006 350 3048 o
373 2985 561 3069 caremihi,
584 2986 729 3049 felicibus
752 2985 837 3048 edita
858 2985 989 3067 penniS,
1014 2983 1018 2992 '

227 3068 329 3166 Surge
350 3073 383 3133 et
403 3074 573 3154 poscentes
594 3071 679 3134 iusta
699 3091 829 3151 precare
844 3069 928 3132 deos.

182 3153 231 3216 Ac
252 3176 391 3235 pnmum
414 3177 494 3238 pura
515 3174 662 3217 somnum
684 3154 745 3216 tibi
767 3155 887 3218 discute
909 3153 1041 3238 lympha

224 3237 268 3302 Et
288 3239 406 3302 nitidas
429 3260 539 3322 presso
561 3239 677 3320 pollice
698 3239 784 3322 finge
807 3258 929 3303 comas:

137 3335 166 3385 15
182 3321 281 3404 Dein,
304 3345 367 3406 qua
388 3323 526 3406 primum
548 3323 658 3388 oculos
681 3323 792 3405 cepisti
814 3327 902 3387 veste
919 3322 1081 3406 Properti,

224 3408 324 3471 Indue
345 3429 405 3471 nec
426 3429 561 3471 vacuum
582 3408 660 3471 flore
680 3407 824 3491 relinque
844 3409 957 3490 caput,

182 3491 227 3556 Et
247 3494 334 3574 pete,
359 3513 421 3574 qua
442 3492 560 3575 polles,
589 3497 625 3556 ut
647 3492 690 3556 sit
711 3493 770 3555 tibi
792 3491 896 3555 forma
916 3492 1082 3575 perennis,
