2392 3990
114 233 191 307 11111]
505 236 615 292 urana
636 238 656 298 1.
1032 237 1073 300 15

115 397 220 462 1⁷Nec
243 398 290 462 sic
306 398 490 464 Aesoniden
512 401 710 483 rapientibus
732 402 827 466 anxia
848 403 952 466 ventis
1041 413 1075 464 lt

191 482 370 566 Hypsipyle
392 505 491 548 vacuo
515 485 662 549 constitit
682 487 717 550 in
738 486 894 552 thalamo:

149 566 328 717 Hypsipyle
350 569 457 633 nullos
480 573 554 653 post
575 570 650 633 illos
673 572 774 634 sensit
795 593 933 654 amores,

221 656 237 716 t
258 653 357 717 semel
378 652 559 717 Haemonio
581 656 686 719 tabuit
706 655 856 739 hospitio.

115 749 140 799 lt
151 736 368 821 Alphesiboea
389 759 464 802 suos
485 739 584 802 ultast
605 761 663 822 pro
686 741 822 825 coniuge
844 741 974 825 fratres,

192 821 367 907 Sanguinis
389 826 421 886 et
444 824 508 887 cari
530 824 658 887 vincula
679 825 766 907 rupit
787 847 885 889 amor.
1039 838 1083 887 20.

113 920 141 968 21
150 905 304 1004 Coniugis
327 906 460 971 Euadne
482 909 615 971 miseros
639 910 721 972 elata
742 931 799 992 per
821 911 913 993 ignes

192 991 332 1075 Occidit,
355 993 495 1076 Argivae
516 993 603 1056 fama
623 993 804 1076 pudicitiae.

151 1076 291 1152 Quarum
312 1077 402 1140 nulla
423 1079 496 1140 tuos
518 1078 625 1160 potuit
646 1082 831 1141 convertere
853 1099 973 1160 mores,

193 1160 242 1224 Tu
264 1181 388 1244 quoque
411 1162 458 1224 uti
480 1161 571 1225 fieres
592 1162 710 1225 nobilis
732 1161 876 1227 historia.

150 1244 269 1309 Desine
291 1247 354 1308 iarn
376 1267 524 1310 revocare
545 1247 610 1310 tuis
631 1247 770 1331 periuria
791 1248 911 1330 verbis,
1039 1257 1073 1308 25

193 1328 348 1414 Cynthia,
372 1334 404 1394 et
426 1330 544 1394 oblitos
566 1352 660 1414 parce
682 1352 810 1395 movere
833 1333 924 1415 deos,

151 1415 264 1479 Audax
286 1437 313 1496 a,
336 1415 471 1478 nimium
493 1418 604 1478 nostro
627 1416 766 1479 dolitura
787 1416 917 1500 periclq

193 1498 305 1583 Siquid
327 1500 409 1562 forte
432 1500 492 1562 tibi
515 1500 623 1563 durius
644 1500 802 1564 inciderit.
847 1537 850 1542 -

151 1583 242 1647 Muta
263 1584 352 1668 prius
373 1589 464 1647 vasto
487 1584 634 1648 labentur
655 1585 789 1648 fiumina
809 1588 925 1669 ponte,

193 1669 308 1732 Annus
331 1671 364 1732 et
384 1669 526 1732 inversas
549 1669 674 1733 duxerit
696 1673 769 1734 ante
792 1672 891 1752 vices,
1039 1682 1074 1730 ao
1182 1696 1184 1700 ’

151 1752 254 1829 Quam
275 1755 331 1816 tua
353 1752 411 1816 sub
433 1757 544 1816 nostro
567 1757 707 1817 mutetur
728 1758 857 1837 pectore
880 1775 972 1820 cura:

144 1835 147 1840 “
195 1837 246 1902 Sis
270 1838 489 1920 quodcumque
512 1839 615 1920 voles,
634 1859 706 1905 ¹non
728 1839 833 1903 aliena
854 1842 972 1902 tamen.

151 1921 237 1987 Nam
258 1922 338 1986 mihi
360 1943 401 1986 ne
423 1922 502 1985 viles
525 1924 579 1986 isti
600 1922 768 1986 videantur
790 1924 898 2005 ocelli,

193 2006 256 2072 Per
278 2028 356 2090 quos
380 2028 472 2089 saepe
494 2006 573 2069 mihi
596 2007 715 2070 credita
736 2007 913 2090 perfidiast!

150 2091 220 2155 Hos
241 2095 278 2154 tu
299 2091 441 2174 iurabas,
464 2091 568 2173 siquid
590 2092 726 2155 mentita
747 2092 875 2174 fuisses,
950 2104 952 2106 ’
1040 2103 1073 2153 115
1185 2133 1187 2138 ·

194 2175 240 2240 Vt
261 2176 322 2239 tibi
344 2176 518 2259 suppositis
541 2176 724 2240 exciderent
744 2176 906 2240 manibus:

152 2259 197 2324 nt
218 2266 330 2325 contra
351 2282 504 2345 magnum
525 2263 617 2343 potes
639 2259 699 2323 hos
722 2260 867 2324 attollere
890 2261 1004 2343 solem,

194 2345 263 2410 Nec
285 2347 396 2409 tremis
419 2345 574 2408 admissae
597 2346 727 2409 conscia
748 2344 931 2428 nequitiae?

152 2427 229 2505 Quis
250 2433 283 2494 te
306 2430 441 2514 cogebat
463 2430 581 2494 multos
603 2431 722 2514 pallere
748 2432 870 2493 colores

158 2592 161 2598 ι
193 2513 238 2578 Et
258 2513 369 2578 fletum
391 2514 500 2577 invitis
523 2513 636 2578 ducere
656 2515 854 2578 luminibus?
1039 2525 1075 2578 40

153 2598 230 2675 Quis
250 2620 311 2682 ego
326 2619 412 2662 nunc
428 2619 523 2681 pereo
547 2599 665 2661 similes
681 2600 859 2662 moniturus
876 2602 1017 2663 amantes

195 2683 240 2749 ‘0
263 2683 360 2746 nullis
381 2686 487 2746 tutum
510 2683 636 2748 credere
658 2683 855 2748 blanditiisl'
1084 2689 1086 2693 ’

524 2807 666 2816 μὴ

543 2897 638 2970 XVI.

153 3020 241 3096 Quae
256 3021 378 3084 fueram
392 3023 518 3105 magnis
535 3023 611 3084 olim
626 3022 786 3105 patefacta
800 3019 987 3104 triumphis,

194 3105 294 3168 Ianua
309 3105 461 3188 Tarpeiae
483 3109 560 3169 nota
581 3107 768 3189 pudicitiae,

153 3188 250 3254 Cuius
272 3191 410 3253 inaurati
434 3191 634 3254 celebrarunt
655 3191 767 3254 limina
788 3212 912 3272 currus,

195 3272 370 3357 Captorum
392 3275 530 3337 lacrimis
552 3275 659 3338 umida
681 3275 893 3359 supplicibus,

152 3357 248 3436 Nunc
271 3380 330 3442 ego
337 3408 346 3440 ,
368 3360 535 3422 nocturnis
557 3363 707 3442 potorum
729 3360 836 3423 saucia
857 3359 950 3440 rixis,
1054 3369 1071 3424 5

194 3442 325 3505 Pulsata
346 3443 489 3526 indignis
512 3465 606 3527 saepe
628 3465 742 3528 queror
763 3443 925 3524 manibus

153 3525 196 3590 nt
217 3526 297 3590 mihi
319 3549 385 3591 non
408 3528 523 3591 desunt
544 3531 652 3612 turpes
671 3529 812 3613 ¹pendere
836 3528 975 3592 corollae
1080 3533 1081 3536 ’
