2392 3990
68 242 73 290 1
118 239 155 314 1]
500 246 605 301 LIBER
626 246 675 302 111.
1029 245 1069 308 41

119 403 226 469 Durius
249 407 283 470 in
305 408 398 471 terris
420 408 502 472 nihil
525 413 574 473 est
595 410 680 493 quod
701 411 788 474 vivat
810 415 951 494 amante,

151 489 235 575 Nec,
258 491 353 556 modo
376 493 404 556 si
426 494 546 576 sapias,
592 494 654 557 uod
675 495 780 559 minus
803 518 872 560 esse
893 497 982 561 velis.
1041 510 1072 558 10

119 573 210 650 Quem
231 576 328 639 modo
350 577 477 641 felicem
498 516 618 641 invidia
640 578 815 644 admirante
836 581 996 663 ferebant,

151 659 246 725 Nunc
268 660 389 724 decimo
412 662 563 726 admittor
585 664 638 725 vix
661 685 720 747 ego
743 685 868 747 quoque
890 665 950 729 die.

117 743 203 807 Nunc
225 745 327 808 iacere
349 767 366 809 e
389 744 468 810 duro
491 767 605 829 corpus
627 747 729 829 iuvat,
751 749 854 831 inpia,
878 770 969 830 saxo,

152 827 282 892 Sumere
304 830 393 893 etin
414 833 540 894 nostras
562 832 639 894 trita
659 853 783 895 venena
804 854 933 895 manus:

117 911 177 976 Nec
199 912 275 976 licet
295 913 331 977 in
351 914 455 977 triviis
477 916 563 979 sicca
583 915 780 998 requiescere
803 917 878 979 luna
1041 932 1071 978 15

151 998 218 1060 Aut
238 1019 296 1081 per
317 998 451 1062 rimosas
473 1000 599 1063 mittere
621 1000 718 1063 verba
739 999 833 1064 fores.

118 1078 201 1155 Quod
224 1083 367 1164 quamvis
389 1083 435 1146 ita
457 1083 512 1165 sit,
536 1083 698 1147 dominam
720 1088 842 1148 mutare
865 1085 997 1148 cavebo:

151 1164 232 1230 Tum
253 1166 357 1250 flebit,
381 1189 453 1231 cum
474 1168 509 1230 in
530 1191 582 1232 me
604 1171 740 1232 senserit
762 1191 830 1233 esse
851 1169 956 1234 fidem.

479 1401 512 1473 11
541 1401 699 1494 [nunu

116 1523 269 1589 Adsiduae
291 1523 401 1588 multis
423 1524 530 1587 odium
552 1546 703 1607 peperere
726 1524 885 1610 querelae:

151 1608 322 1694 Frangitur
344 1610 379 1672 in
400 1609 497 1672 tacito
520 1608 639 1672 femina
661 1630 754 1693 saepe
775 1609 854 1674 vir0.

117 1689 220 1777 Siquid
241 1693 365 1775 vidisti,
390 1715 515 1776 semper
535 1693 653 1757 vidisse
674 1695 807 1778 negato:

151 1779 218 1841 Aut
239 1778 344 1861 siquid
366 1777 468 1840 doluit
489 1777 588 1859 forte,
611 1777 717 1841 dolere
739 1800 831 1863 nega.

116 1860 192 1935 Quid
212 1883 284 1926 mea
306 1863 333 1925 si
355 1862 442 1925 canis
465 1865 551 1924 aetas
573 1862 777 1925 candesceret
797 1862 904 1944 annis,
1053 1875 1071 1924 5

151 1946 194 2010 Et
215 1947 334 2010 faceret
356 1947 471 2010 scissas
493 1947 645 2030 languida
665 1968 745 2029 ruga
766 1946 888 2029 genas?

115 2029 155 2093 At
174 2052 242 2094 non
263 2029 395 2094 Tithoni
418 2052 571 2113 spernens
593 2031 719 2093 Aurora
740 2034 902 2092 senectam

144 2114 321 2179 ,Desertum
341 2115 412 2179 an
434 2136 527 2198 passa
548 2115 650 2177 iacere
672 2113 812 2177 domcst:

116 2196 205 2263 Illum
228 2221 322 2282 saepe
344 2199 409 2262 suis
432 2198 586 2262 decedens
608 2198 689 2262 fovit
710 2199 744 2261 in
765 2198 866 2279 ulniS,

151 2283 253 2358 Quam
274 2284 362 2366 prius
385 2283 550 2347 adiunctos
573 2282 682 2346 sedula
702 2283 781 2346 lavit
803 2304 915 2365 equos:
1038 2297 1071 2345 ιο

114 2364 202 2432 Illum
224 2368 265 2431 ad
285 2369 407 2432 vicinos
430 2389 502 2430 cum
525 2368 669 2450 amplexa
691 2368 867 2449 quiesceret
887 2367 999 2449 Indos,

150 2452 292 2516 Maturos
315 2452 462 2516 iterumst
484 2455 595 2536 questa
615 2451 718 2515 redire
743 2452 819 2515 dies.

114 2533 168 2600 llla
190 2538 266 2600 deos
290 2558 415 2600 currum
439 2536 655 2600 conscendens
678 2536 758 2599 dixit
780 2537 920 2620 iniquos,

150 2621 291 2685 Invitum
313 2624 345 2685 et
366 2621 458 2684 terris
481 2621 641 2703 praestitit
663 2621 817 2705 officium3

114 2701 168 2769 Cui
188 2706 311 2770 maiora
332 2707 417 2769 senis
439 2704 571 2768 Tithoni
593 2704 709 2789 gaudia
730 2706 808 2786 vivi,
1038 2719 1070 2766 15

153 2790 256 2865 Quam
277 2791 384 2874 gravis
407 2790 523 2853 amisso
545 2789 717 2852 Memnone
739 2789 842 2852 luctus
866 2791 940 2852 erat.
976 2835 978 2841 ·

68 2940 71 2949 ,
113 2871 188 2938 Cum
211 2896 286 2938 sene
308 2895 375 2938 non
396 2873 511 2956 puduit
531 2873 628 2936 talem
651 2874 788 2937 dormire
811 2872 949 2956 puellam

68 3028 70 3039 ,
147 2959 193 3023 Et
213 2980 310 3023 canae
331 2959 450 3021 totiens
473 2958 582 3021 oscula
603 2958 685 3020 ferre
708 2979 825 3032 comae.

111 3044 151 3107 At
172 3047 208 3107 tu
231 3044 327 3106 etiam
349 3043 495 3106 iuvenem
518 3041 615 3105 odisti
636 3063 701 3122 me,
724 3041 858 3125 perfida,
882 3062 953 3104 cum
976 3045 1020 3106 sis

149 3127 223 3211 Ipsa
244 3149 324 3190 anus
346 3126 431 3190 haud
453 3127 551 3210 longa
573 3148 668 3191 curva
688 3126 796 3189 futura
817 3126 876 3188 die.
1036 3141 1069 3188 20

112 3209 193 3287 Quin
215 3233 274 3297 ego
298 3211 446 3275 deminuo
470 3231 593 3291 curam,
616 3210 700 3293 quod
723 3232 816 3292 saepe
839 3208 962 3293 Cupido

149 3295 234 3361 Huic
256 3297 358 3360 malus
381 3318 449 3360 esse
472 3295 568 3376 solet,
592 3295 642 3357 cui
664 3294 766 3358 bonus
789 3297 862 3357 ante
884 3294 954 3357 suit.

512 3467 662 3477 ιη’-..-
