2392 3990
120 247 178 312 108
493 254 687 310 Paoruarn
1010 258 1070 330 [vu

180 415 327 502 Denique
350 419 420 503 quis
441 422 552 483 nostro
576 441 706 484 curvum
726 421 760 484 te
782 419 894 484 funere
915 419 1009 502 vidit,
1113 430 1115 447 '

221 503 336 566 Atiam
358 504 429 586 quis
444 504 583 568 lacrimis
604 504 774 568 incaluisse
795 504 927 589 togam?

180 585 214 651 Si
236 588 341 671 piguit
362 592 471 670 portas
486 590 570 652 ultra
589 590 774 673 procedere,
797 591 831 652 at
851 588 929 653 illue

129 683 163 732 80
219 669 381 755 Iussisses‚
404 673 521 737 lectum
543 673 660 737 lentius
681 674 728 738 ire
749 694 865 737 meum.

180 753 245 821 Our
266 759 379 820 ventos
399 778 468 821 non
489 758 558 841 ipse
579 759 678 844 rogis,
700 759 835 843 ingrate,
857 755 990 841 petisti?

178 838 1076 1075 Higbbitbrrdggrftidzbr},Edlliahbidiegldabbaointbos

682 1035 693 1074 1
769 1032 806 1075 ea
829 1031 857 1075 o.

129 1105 161 1153 so
177 1092 224 1177 Ly
248 1031 833 1178 decidiseuratiir‚ooaridesettaidmina
853 1116 986 1160 vernae:

219 1116 312 1243 §ensi
334 1200 410 1264 ego,
434 1201 506 1244 eum
527 1180 652 1244 insidiis
674 1180 795 1263 pallida
815 1179 890 1243 vina
910 1178 988 1244 bibi.

177 1261 366 1410 AtDNotnds
389 1265 785 1413 minmssatyveiasuta
807 1264 940 1328 salivas:

251 1369 299 1411 ioe
358 1370 452 1412 amna
468 1371 502 1413 as
524 1373 535 1412 1
559 1371 620 1413 nea
656 1371 688 1412 es
743 1371 867 1413 manus.

178 1430 266 1506 Quae
288 1433 383 1496 modo
406 1456 464 1517 per
487 1371 563 1497 vilis
585 1435 761 1516 inspectast
779 1433 909 1517 puplica
928 1435 1054 1518 noctes,

127 1528 161 1576 40
218 1515 307 1580 Haeo
328 1539 414 1582 nune
436 1526 546 1581 aurata
568 1518 696 1601 cyclade
719 1518 827 1602 signat
847 1517 981 1581 humum

176 1600 222 1664 Et
243 1602 391 1685 graviora
412 1603 567 1702 rependit
579 1603 697 1685 iniquis
719 1624 820 1686 pensa
841 1602 995 1686 quasillis,

176 1684 358 1866 Nobtrraidtid
372 1687 922 1869 diodalgbtaidtbiitbdurbioiiiiidita
933 1790 1080 1854 coronas,

126 1951 159 1998 45
176 1851 971 2087 Oagditiirlsetnffdliigttbnrtlgslasdiyidiisaanobbillis‚

246 2045 280 2087 er
300 2045 419 2088 nomen
462 2047 606 2089 uoniams
650 2047 726 2088 ausa
746 2047 782 2088 ro
807 2046 860 2089 are
881 2046 998 2090 meum.

175 2106 220 2171 Te
242 2109 383 2192 patiente
404 2046 493 2173 milae
516 2110 667 2173 conflavit
688 2047 840 2194 imagiiris
862 2130 984 2193 aurum,

217 2192 361 2257 Ardente
383 2215 400 2258 e
422 2198 532 2257 nostro
556 2195 662 2257 dotem
683 2193 832 2258 habitura
852 2215 943 2278 rogo.

174 2275 251 2342 Non
271 2280 381 2341 tamen
401 2279 555 2360 insector,
578 2279 721 2360 quamvis
743 2299 898 2361 mereare,
912 2277 1079 2363 Propertiz

125 2373 160 2420 50
216 2360 330 2446 Longa
351 2383 422 2425 mea
443 2362 478 2424 in
500 2362 590 2425 libris
612 2384 712 2446 regna
733 2363 821 2426 fuere
843 2361 917 2428 tuis.

174 2444 248 2509 Iuro
271 2467 331 2530 ego
353 2444 506 2510 Fatorum
527 2446 608 2510 nulli
630 2447 805 2511 revolubile
827 2468 970 2531 carmen,

216 2529 488 2613 Tergeminusque
511 2532 597 2595 canis
621 2532 666 2596 sie
687 2531 768 2595 mihi
788 2532 887 2596 molle
909 2535 1012 2616 sonet,

177 2613 228 2678 Me
249 2635 390 2678 servasse
412 2614 516 2679 fidem.
540 2617 567 2679 si
589 2615 686 2700 fallo,
708 2617 817 2700 vipera
837 2616 958 2680 nostris

217 2695 331 2762 Sibilat
351 2699 387 2761 in
407 2700 539 2763 tumulis
562 2704 594 2764 et
608 2722 703 2783 super
725 2722 798 2764 ossa
820 2701 923 2765 cubet.

125 2794 158 2844 oo
173 2781 257 2847 Nam
279 2784 439 2867 geminast
461 2784 550 2848 sedes
572 2788 698 2868 turpem
726 2786 839 2848 sortita
860 2806 917 2869 per
938 2807 1078 2871 amnem,

216 2867 384 2952 Turbaque
407 2869 531 2934 diversa
544 2871 681 2954 remigat
702 2870 806 2933 omnis
829 2891 919 2954 aqua.

174 2951 280 3114 Nisus}
291 2951 539 3036 Clytaemestrae
548 2958 701 3101 lstuprum
718 2953 815 3102 vehit,
831 2955 932 3102 alitem
942 2953 1078 3022 Cressae

277 3041 361 3101 ortat
374 3040 527 3103 mentitae
564 3040 569 3051 '
595 3060 656 3102 nea
677 3059 770 3102 mons
786 3062 822 3103 ra
867 3040 944 3104 ovis.

174 3120 258 3186 Eeee
280 3127 432 3187 coronato
454 3145 528 3206 pars
549 3061 648 3187 aliero
668 3127 760 3187 vecta
780 3124 921 3208 phasel0,

123 3219 158 3268 60
214 3207 336 3271 Muloet
356 3209 412 3271 ubi
433 3208 560 3291 Elysias
582 3230 658 3271 aura
679 3208 773 3271 beata
793 3230 892 3291 rosas,

175 3291 244 3366 Qua
257 3313 427 3356 numerosa
441 3292 528 3375 fides,
546 3313 669 3376 quaque
689 3314 762 3356 aera
775 3293 914 3357 rutunda
928 3291 1076 3377 Cybebes

216 3375 417 3460 Mitratisque
440 3380 557 3441 sonant
572 3376 672 3460 Lydia
685 3377 807 3461 plectra
829 3378 944 3442 eboris.

178 3460 441 3546 Andromedeque
469 3465 502 3527 et
522 3461 761 3610 Hypermestret
780 3463 849 3528 sine
876 3463 985 3528 fraude
1008 3485 1073 3530 ms·

719 3569 800 3613 riae
