2392 3990
57 262 104 336 u]
462 262 570 316 arena
590 261 624 318 v.
962 250 1022 315 103

56 427 119 491 Illa
141 425 229 508 velit,
251 426 372 509 poterit
393 446 525 510 magnes
547 445 614 488 non
636 424 750 487 ducere
772 421 891 486 ferrum

99 511 146 574 Et
166 510 304 574 volucris
327 510 411 574 nidis
434 531 503 572 esse
525 530 662 572 noverca
683 508 758 571 suia.
990 515 1022 566 10

55 595 183 679 Quippe
207 597 248 678 et,
273 593 415 659 Collinas
437 593 478 658 ad
498 594 619 657 fossam
640 592 778 656 moverit
798 588 923 674 herbas,

102 679 229 744 Stantia
252 679 391 743 currenti
414 678 609 742 diluerentur
631 699 720 762 aqua.

56 764 174 829 Audax
196 767 341 827 cantatae
363 764 451 848 leges
473 763 627 845 inponere
649 761 743 825 lunae

11 870 13 907 :
100 848 146 912 Et
167 869 225 912 sua
245 851 403 911 nocturno
425 847 537 911 fallere
558 849 650 931 terga
671 847 757 930 lupo,

56 933 174 998 Posset
195 934 231 994 ut
252 933 393 996 intentos
416 936 488 996 astu
510 953 637 995 caecare
658 931 800 1012 maritos,
989 941 1020 988 15

103 1015 277 1082 Cornioum
298 1016 465 1080 inmeritas
487 1017 569 1080 eruit
582 1037 689 1101 ungue
711 1035 822 1099 genas,

57 1101 292 1184 Consuluitque
315 1101 431 1184 striges
453 1103 564 1164 nostro
588 1100 627 1164 de
649 1101 806 1184 sanguine
829 1099 861 1162 et
881 1097 917 1160 in
931 1118 982 1160 me

102 1184 324 1269 Hippomanes
345 1185 430 1249 fetae
453 1185 575 1249 semina
595 1185 677 1269 legit
698 1205 806 1268 equae.

58 1270 224 1335 Exorahat
246 1290 326 1353 opus
348 1270 463 1351 verbis,
486 1291 543 1333 ceu
564 1270 683 1334 hlanda
703 1273 847 1353 pererrat
932 1276 936 1283 '

104 1353 319 1437 saxosamque
340 1355 416 1418 terit
431 1354 541 1418 sedula
568 1353 699 1438 lympha
719 1354 819 1417 viam:
992 1363 1025 1411 20

61 1438 110 1505 ‘Si
131 1442 164 1503 te
185 1439 256 1503 an
276 1437 495 1503 Dorozantum
513 1439 604 1502 'iuvat
624 1460 721 1503 aurea
741 1439 822 1521 ripa,

104 1523 149 1586 Et
171 1545 251 1606 quae
274 1524 332 1587 sub
355 1524 451 1607 Tyria
473 1523 595 1587 concha
617 1522 761 1607 superbit
783 1544 873 1604 aqua,

61 1608 281 1692 Eurypylique
304 1609 411 1691 placet
433 1608 517 1673 Coae
539 1611 664 1672 textura
685 1607 848 1671 Minervae

106 1693 260 1775 Sectaque
284 1695 323 1756 ab
346 1692 495 1756 Attalicis
516 1693 623 1776 putria
644 1694 737 1777 signa
758 1691 853 1774 toris,

63 1777 127 1844 Seu
149 1799 228 1861 quae
249 1777 436 1860 palmiferae
457 1777 590 1841 mittunt
611 1777 736 1841 venalia
757 1775 899 1858 Thebae,
995 1787 1027 1834 25

107 1861 299 1944 Murreaque
321 1863 356 1924 in
377 1861 504 1925 Parthis
549 1863 641 1925 ocula
664 1866 754 1925 cocta
775 1860 865 1942 focis,

64 1945 186 2032 Sperne
208 1946 320 2029 fidem,
343 1947 495 2029 provolve
517 1885 611 2027 dpeos,
634 1945 800 2009 mendacia
821 1944 966 2027 vincant,

106 2031 232 2115 Frange
255 2036 287 2094 et
309 2031 481 2095 damnosae
502 2031 572 2094 iura
592 2030 773 2114 pudicitiae.

63 2116 109 2181 Et
131 2116 295 2180 stimulare
316 2116 398 2178 iram
419 2116 557 2198 pretium
578 2115 671 2178 facit:
693 2117 782 2177 utere
805 2112 924 2177 causis:

107 2200 211 2263 Maior
232 2200 331 2264 dilata
351 2203 446 2264 nocte
468 2206 609 2263 recurret
629 2221 727 2263 amor.
997 2209 1030 2258 80

64 2284 101 2350 Si
121 2284 181 2348 tibi
202 2285 285 2349 forte
308 2306 414 2348 comas
437 2284 597 2349 vexaverit
617 2284 707 2348 utilis
729 2284 791 2367 ira,

106 2368 187 2432 Post
207 2369 302 2433 modo
325 2372 465 2433 mercata
509 2390 564 2433 ace
585 2367 777 2452 premendus
800 2367 870 2431 erit.

64 2452 211 2536 Denique
233 2454 287 2516 ubi
310 2455 457 2538 amplexu
478 2392 637 2518 llenerem
657 2452 842 2537 promiseris
864 2453 987 2536 empto,

108 2537 172 2601 Fac
195 2537 325 2601 simules
348 2559 445 2621 puros
467 2538 561 2601 Isidis
585 2559 654 2602 esse
676 2539 753 2602 dies.

64 2622 197 2771 Ιηῇθταὴ
218 2623 346 2706 Apriles
368 2621 436 2686 Iole
458 2623 533 2705 tibi,
555 2622 670 2686 tundat
690 2622 825 2706 Amycle
998 2633 1031 2682 ³5

142 2707 258 2770 atalem
280 2706 362 2770 Mais
384 2705 493 2770 Idibus
516 2729 585 2770 esse
612 2710 712 2771 tuum.

68 2791 112 2857 Su
136 2791 210 2874 pler
233 2791 287 2854 ille
310 2792 414 2856 sedet:
437 2791 541 2875 posita
562 2795 598 2854 tu
613 2793 715 2855 scribe
731 2790 880 2856 cathedra

109 2813 286 2951 Suidlihet:
310 2875 368 2939 has
390 2877 474 2939 artes
497 2877 525 2939 si
545 2879 641 2960 pavet
662 2876 725 2959 ille,
748 2880 847 2939 tenes.

67 2960 202 3043 Semper
224 2958 305 3023 habe
327 2982 452 3024 morsus
475 2961 558 3025 circa
578 2966 634 3023 tua
656 2960 737 3024 oolla
758 2961 913 3044 recentes,

110 3044 235 3108 Litibus
258 3044 390 3108 alternis
413 3065 492 3128 quos
514 3047 605 3129 putet
626 3066 695 3108 esse
717 3044 819 3108 datos.
999 3056 1033 3105 40

66 3129 136 3196 Nec
158 3133 190 3192 te
213 3127 344 3193 Medeae
366 3129 526 3194 delectent
545 3129 663 3214 probra
685 3129 828 3212 sequacis

111 3213 250 3310 (Nempe
271 3213 346 3277 tulit
366 3214 478 3295 fastus,
502 3237 578 3278 ausa
598 3235 712 3298 rogare
734 3213 844 3296 prior),
899 3214 902 3219 ’

68 3297 131 3364 Sed
152 3302 260 3381 potrus
281 3298 393 3362 mundi
416 3299 513 3362 Thais
534 3299 674 3382 pretiosa
696 3297 881 3381 Menandri,

112 3382 193 3447 Cum
215 3382 291 3446 ferit
313 3386 435 3446 astutos
460 3384 581 3448 comica
602 3382 735 3446 moecha
758 3381 865 3447 Getas.

69 3466 108 3531 In
130 3488 235 3531 mores
257 3470 289 3532 te
311 3471 398 3531 verte
420 3468 496 3531 viri:
520 3469 547 3532 si
569 3467 693 3532 cantica
713 3467 827 3551 iactat,
999 3478 1033 3528 45

111 3552 127 3617 I
150 3573 255 3616 comes
279 3554 311 3617 et
332 3574 426 3616 voces
450 3552 537 3616 ebria
557 3553 656 3637 iunge
677 3556 759 3616 tuas.
