2392 3990
10 209 156 326 Lxnu]
310 242 313 247 ’
445 257 553 311 crana
574 257 637 314 uu
870 232 873 237 ’
987 251 1023 313 91

60 411 153 481 Mens
175 417 273 502 bona,
297 418 388 502 siqua
409 417 507 504 dea's,
530 423 585 484 tua
606 442 657 484 me
679 421 712 484 in
736 419 874 485 sacraria
895 418 990 484 donc.

101 502 298 567 Exciderunt
323 503 418 568 surdo
440 508 491 568 tot
511 527 583 569 mea
604 507 681 568 vota
701 503 781 569 Iovi.
994 502 1031 565 20'

490 718 602 794 XXV.

10 872 12 881 ·
63 838 156 906 Risus
179 861 265 905 eram
285 841 401 926 positis
423 841 507 907 inter
529 841 675 907 convivia
695 842 831 926 mensis,

100 925 146 990 Et
168 925 206 990 de
227 947 279 990 me
300 929 429 1011 poterat
450 927 584 1010 quilibet
605 947 674 990 esse
696 925 822 1009 loquax„

63 1008 208 1091 Quinque
229 1011 290 1074 tibi
310 1011 402 1094 potui
423 1012 541 1076 servire
563 1011 699 1075 fideliter
720 1030 839 1074 annos:

48 1090 52 1099 ’
103 1094 221 1178 Vngue
242 1116 347 1158 meam
368 1116 475 1161 morso
502 1117 595 1180 saepe
617 1116 746 1178 querere
767 1095 872 1159 fidem.

59 1177 116 1243 Nil
138 1199 269 1243 moveor
290 1178 445 1245 lacrimis:
467 1181 529 1244 ista
551 1202 622 1245 sum
645 1182 758 1262 captus
779 1180 819 1243 ab
842 1181 922 1263 arte3
1009 1189 1026 1240 5

102 1261 234 1346 Semper
256 1263 296 1327 ab
318 1264 459 1348 insidiis,
482 1263 635 1348 Cynthia,
657 1264 733 1328 flere
755 1263 849 1328 soles.

61 1345 162 1411 Flebo
186 1368 246 1432 ego
269 1347 451 1433 discedens,
474 1349 529 1413 sed
551 1349 661 1413 fletum
682 1348 799 1413 iniuria
820 1348 940 1412 vincet:

105 1430 155 1495 Tu
176 1431 258 1496 bene
280 1433 475 1498 conveniens
497 1454 565 1498 non
588 1434 667 1497 sinis
689 1433 734 1497 ire
756 1433 877 1518 iugum.

58 1516 186 1580 Limina
208 1516 272 1579 iam
293 1520 412 1582 nostris
434 1518 563 1582 valeant
584 1517 785 1581 lacrimantia
807 1517 929 1601 verbis,

101 1598 172 1666 Nec
193 1604 303 1665 tamen
323 1602 406 1665 irata
427 1601 522 1666 ianua
542 1603 645 1666 fracte
665 1624 773 1667 manu.
995 1615 1026 1662 10

57 1685 105 1750 At
127 1688 159 1749 te
181 1685 291 1749 celatis
314 1690 400 1750 aetas
422 1686 529 1771 gravis
550 1690 665 1783 urgeat
685 1686 796 1771 anniS,

102 1767 147 1832 Et
169 1769 278 1833 veniet
298 1769 420 1835 formae
440 1793 522 1855 ruga
543 1771 674 1835 sinistra
694 1774 779 1836 tuce.
988 1795 1006 1833 ι

57 1851 185 1917 Vellere
207 1856 276 1918 tum
298 1855 406 1939 cupias
429 1855 519 1919 albos
541 1877 560 1919 a
581 1856 681 1939 stirpe
704 1856 851 1940 capillos,

101 1942 149 2019 A,
173 1939 302 2022 speculo
324 1961 421 2024 rugas
443 1939 654 2023 increpitante
675 1939 751 2021 tibi,

57 2021 198 2087 Exclusa
219 2023 316 2106 inque
337 2025 439 2089 vicem
460 2024 562 2088 fastus
584 2024 707 2107 patiare
730 2024 901 2109 superbos,
994 2034 1026 2086 15

100 2105 145 2170 Et
167 2128 246 2190 quae
268 2107 376 2172 fecisti
398 2108 484 2173 facta
506 2108 646 2191 queraris
671 2129 758 2172 anus.

57 2190 126 2255 Has
149 2191 208 2254 tibi
230 2191 337 2256 fatalis
360 2194 477 2258 cecinit
497 2215 569 2256 mea
589 2193 709 2278 pagine
730 2192 825 2258 diras.

101 2275 262 2341 Eventum
283 2277 405 2342 formae
428 2279 514 2344 disce
534 2278 648 2342 timere
669 2280 752 2343 tuac.
