<?xml version="1.0" encoding="UTF-8"?>
<!DOCTYPE html PUBLIC "-//W3C//DTD XHTML 1.0 Transitional//EN"
    "http://www.w3.org/TR/xhtml1/DTD/xhtml1-transitional.dtd">
<html xmlns="http://www.w3.org/1999/xhtml" xml:lang="en" lang="en">
 <head>
  <title>
</title>
<meta http-equiv="Content-Type" content="text/html;charset=utf-8" />
  <meta name='ocr-system' content='tesseract 3.04.00' />
  <meta name='ocr-capabilities' content='ocr_page ocr_carea ocr_par ocr_line ocrx_word'/>
</head>
<body>
  <div class='ocr_page' id='page_1' title='image "./sexrecensvitlvc00propgoog_0066.png"; bbox 0 0 2392 3990; ppageno 0'>
   <div class='ocr_carea' id='block_1_1' title="bbox 10 239 624 318">
    <p class='ocr_par' dir='ltr' id='par_1_1' title="bbox 10 239 624 318">
     <span class='ocr_line' id='line_1_1' title="bbox 10 239 624 318; baseline 0.008 -22"><span class='ocrx_word' id='word_1_1' title='bbox 10 264 20 316; x_wconf 50' lang='grc' dir='ltr'><strong>χι</strong></span> <span class='ocrx_word' id='word_1_2' title='bbox 65 239 195 318; x_wconf 74' lang='lat' dir='ltr'><strong>rxvm]</strong></span> <span class='ocrx_word' id='word_1_3' title='bbox 446 244 554 300; x_wconf 76' lang='lat' dir='ltr'>LIBER</span> <span class='ocrx_word' id='word_1_4' title='bbox 575 245 624 301; x_wconf 89' lang='lat'><em>111.</em></span> 
     </span>
    </p>
   </div>
   <div class='ocr_carea' id='block_1_2' title="bbox 10 407 1026 2161">
    <p class='ocr_par' dir='ltr' id='par_1_2' title="bbox 10 407 1026 2161">
     <span class='ocr_line' id='line_1_2' title="bbox 10 407 818 487; baseline -0.001 -16"><span class='ocrx_word' id='word_1_5' title='bbox 10 482 12 487; x_wconf 23' lang='lat'><strong>¹</strong></span> <span class='ocrx_word' id='word_1_6' title='bbox 102 407 133 471; x_wconf 76' lang='lat' dir='ltr'><strong>‘I</strong></span> <span class='ocrx_word' id='word_1_7' title='bbox 155 429 242 472; x_wconf 89' lang='lat' dir='ltr'><strong>nunc</strong></span> <span class='ocrx_word' id='word_1_8' title='bbox 265 411 296 471; x_wconf 93' lang='lat' dir='ltr'><strong>et</strong></span> <span class='ocrx_word' id='word_1_9' title='bbox 318 414 428 472; x_wconf 88' lang='lat' dir='ltr'><strong>noctes</strong></span> <span class='ocrx_word' id='word_1_10' title='bbox 451 408 537 472; x_wconf 91' lang='lat' dir='ltr'><strong>disce</strong></span> <span class='ocrx_word' id='word_1_11' title='bbox 559 429 687 471; x_wconf 89' lang='lat' dir='ltr'><strong>manere</strong></span> <span class='ocrx_word' id='word_1_12' title='bbox 709 407 818 471; x_wconf 91' lang='lat' dir='ltr'><strong>domi.’</strong></span> 
     </span>
     <span class='ocr_line' id='line_1_3' title="bbox 56 487 869 575; baseline 0.001 -22"><span class='ocrx_word' id='word_1_13' title='bbox 56 487 153 555; x_wconf 89' lang='lat' dir='ltr'><strong>Mane</strong></span> <span class='ocrx_word' id='word_1_14' title='bbox 176 496 259 575; x_wconf 83' lang='lat' dir='ltr'><strong>erat,</strong></span> <span class='ocrx_word' id='word_1_15' title='bbox 282 495 314 556; x_wconf 93' lang='lat' dir='ltr'><strong>et</strong></span> <span class='ocrx_word' id='word_1_16' title='bbox 334 493 436 575; x_wconf 88' lang='lat' dir='ltr'><strong>volui,</strong></span> <span class='ocrx_word' id='word_1_17' title='bbox 459 493 487 556; x_wconf 88' lang='lat' dir='ltr'><strong>si</strong></span> <span class='ocrx_word' id='word_1_18' title='bbox 508 493 578 555; x_wconf 88' lang='lat' dir='ltr'><strong>sola</strong></span> <span class='ocrx_word' id='word_1_19' title='bbox 599 492 774 575; x_wconf 75' lang='lat' dir='ltr'><strong>quiesceret</strong></span> <span class='ocrx_word' id='word_1_20' title='bbox 794 491 869 574; x_wconf 86' lang='lat' dir='ltr'><strong>illa,</strong></span> 
     </span>
     <span class='ocr_line' id='line_1_4' title="bbox 101 575 790 659; baseline 0 -19"><span class='ocrx_word' id='word_1_21' title='bbox 101 576 227 640; x_wconf 87' lang='lat' dir='ltr'><strong>Visere:</strong></span> <span class='ocrx_word' id='word_1_22' title='bbox 251 577 338 640; x_wconf 87' lang='lat' dir='ltr'><strong>etin</strong></span> <span class='ocrx_word' id='word_1_23' title='bbox 360 577 443 640; x_wconf 90' lang='lat' dir='ltr'><strong>lecto</strong></span> <span class='ocrx_word' id='word_1_24' title='bbox 467 575 606 659; x_wconf 78' lang='lat' dir='ltr'><strong>Cynthia</strong></span> <span class='ocrx_word' id='word_1_25' title='bbox 629 576 697 640; x_wconf 87' lang='lat' dir='ltr'><strong>sola</strong></span> <span class='ocrx_word' id='word_1_26' title='bbox 717 576 790 640; x_wconf 88' lang='lat' dir='ltr'><strong>fuit.</strong></span> 
     </span>
     <span class='ocr_line' id='line_1_5' title="bbox 53 657 1021 745; baseline -0.005 -22"><span class='ocrx_word' id='word_1_27' title='bbox 53 657 233 745; x_wconf 74' lang='lat' dir='ltr'><strong>Obstupuit</strong></span> <span class='ocrx_word' id='word_1_28' title='bbox 255 681 322 724; x_wconf 92' lang='lat' dir='ltr'><strong>non</strong></span> <span class='ocrx_word' id='word_1_29' title='bbox 343 661 400 724; x_wconf 87' lang='lat' dir='ltr'><strong>illa</strong></span> <span class='ocrx_word' id='word_1_30' title='bbox 421 660 500 723; x_wconf 90' lang='lat' dir='ltr'><strong>mihi</strong></span> <span class='ocrx_word' id='word_1_31' title='bbox 522 660 692 724; x_wconf 88' lang='lat' dir='ltr'>formosior</span> <span class='ocrx_word' id='word_1_32' title='bbox 712 682 863 743; x_wconf 85' lang='lat' dir='ltr'><strong>umquam</strong></span> <span class='ocrx_word' id='word_1_33' title='bbox 989 670 1021 718; x_wconf 75' lang='lat'><strong>25</strong></span> 
     </span>
     <span class='ocr_line' id='line_1_6' title="bbox 102 744 845 828; baseline -0.004 -19"><span class='ocrx_word' id='word_1_34' title='bbox 102 745 196 828; x_wconf 87' lang='lat' dir='ltr'><strong>Visa,</strong></span> <span class='ocrx_word' id='word_1_35' title='bbox 219 766 322 828; x_wconf 91' lang='lat' dir='ltr'><strong>neque</strong></span> <span class='ocrx_word' id='word_1_36' title='bbox 345 745 466 808; x_wconf 86' lang='lat' dir='ltr'><strong>ostrina</strong></span> <span class='ocrx_word' id='word_1_37' title='bbox 488 766 559 808; x_wconf 93' lang='lat' dir='ltr'><strong>cum</strong></span> <span class='ocrx_word' id='word_1_38' title='bbox 580 744 644 808; x_wconf 86' lang='lat' dir='ltr'><strong>fuit</strong></span> <span class='ocrx_word' id='word_1_39' title='bbox 665 745 699 807; x_wconf 90' lang='lat' dir='ltr'><strong>in</strong></span> <span class='ocrx_word' id='word_1_40' title='bbox 719 745 845 826; x_wconf 79' lang='lat' dir='ltr'><strong>tunica,</strong></span> 
     </span>
     <span class='ocr_line' id='line_1_7' title="bbox 48 823 895 911; baseline 0.002 -22"><span class='ocrx_word' id='word_1_41' title='bbox 48 823 133 892; x_wconf 87' lang='lat' dir='ltr'><strong>Ibat</strong></span> <span class='ocrx_word' id='word_1_42' title='bbox 154 832 188 893; x_wconf 92' lang='lat' dir='ltr'><strong>et</strong></span> <span class='ocrx_word' id='word_1_43' title='bbox 207 828 283 893; x_wconf 91' lang='lat' dir='ltr'><strong>hinc</strong></span> <span class='ocrx_word' id='word_1_44' title='bbox 306 833 411 893; x_wconf 85' lang='lat' dir='ltr'><strong>castae</strong></span> <span class='ocrx_word' id='word_1_45' title='bbox 432 832 595 892; x_wconf 85' lang='lat' dir='ltr'><strong>narratum</strong></span> <span class='ocrx_word' id='word_1_46' title='bbox 617 829 742 892; x_wconf 82' lang='lat' dir='ltr'><strong>somnia</strong></span> <span class='ocrx_word' id='word_1_47' title='bbox 762 826 895 911; x_wconf 79' lang='lat' dir='ltr'><strong>Vestae,</strong></span> 
     </span>
     <span class='ocr_line' id='line_1_8' title="bbox 102 912 869 996; baseline -0.004 -18"><span class='ocrx_word' id='word_1_48' title='bbox 102 914 176 978; x_wconf 92' lang='lat' dir='ltr'><strong>Neu</strong></span> <span class='ocrx_word' id='word_1_49' title='bbox 198 913 260 977; x_wconf 87' lang='lat' dir='ltr'><strong>sibi</strong></span> <span class='ocrx_word' id='word_1_50' title='bbox 281 935 361 977; x_wconf 88' lang='lat' dir='ltr'><strong>neve</strong></span> <span class='ocrx_word' id='word_1_51' title='bbox 383 912 462 977; x_wconf 90' lang='lat' dir='ltr'><strong>mihi</strong></span> <span class='ocrx_word' id='word_1_52' title='bbox 480 935 560 996; x_wconf 87' lang='lat' dir='ltr'><strong>quae</strong></span> <span class='ocrx_word' id='word_1_53' title='bbox 580 913 727 977; x_wconf 86' lang='lat' dir='ltr'><strong>nocitura</strong></span> <span class='ocrx_word' id='word_1_54' title='bbox 748 912 869 976; x_wconf 87' lang='lat' dir='ltr'><strong>forent:</strong></span> 
     </span>
     <span class='ocr_line' id='line_1_9' title="bbox 45 991 777 1074; baseline 0.004 -16"><span class='ocrx_word' id='word_1_55' title='bbox 45 991 147 1063; x_wconf 83' lang='lat' dir='ltr'><strong>Talis</strong></span> <span class='ocrx_word' id='word_1_56' title='bbox 169 999 237 1061; x_wconf 88' lang='lat' dir='ltr'><strong>visa</strong></span> <span class='ocrx_word' id='word_1_57' title='bbox 258 996 338 1061; x_wconf 88' lang='lat' dir='ltr'><strong>mihi</strong></span> <span class='ocrx_word' id='word_1_58' title='bbox 361 1019 473 1062; x_wconf 91' lang='lat' dir='ltr'><strong>somno</strong></span> <span class='ocrx_word' id='word_1_59' title='bbox 496 997 626 1074; x_wconf 76' lang='lat' dir='ltr'><strong>dimissa</strong></span> <span class='ocrx_word' id='word_1_60' title='bbox 646 997 777 1061; x_wconf 88' lang='lat' dir='ltr'><strong>recenti.</strong></span> 
     </span>
     <span class='ocr_line' id='line_1_10' title="bbox 103 1081 1023 1166; baseline -0.005 -20"><span class='ocrx_word' id='word_1_61' title='bbox 103 1082 155 1146; x_wconf 79' lang='lat' dir='ltr'><strong>En</strong></span> <span class='ocrx_word' id='word_1_62' title='bbox 177 1087 331 1166; x_wconf 88' lang='lat' dir='ltr'><strong>quantum</strong></span> <span class='ocrx_word' id='word_1_63' title='bbox 353 1104 410 1164; x_wconf 92' lang='lat' dir='ltr'><strong>per</strong></span> <span class='ocrx_word' id='word_1_64' title='bbox 432 1104 465 1146; x_wconf 89' lang='lat' dir='ltr'><strong>se</strong></span> <span class='ocrx_word' id='word_1_65' title='bbox 487 1082 621 1146; x_wconf 86' lang='lat' dir='ltr'><strong>candida</strong></span> <span class='ocrx_word' id='word_1_66' title='bbox 642 1081 746 1145; x_wconf 91' lang='lat' dir='ltr'><strong>forma</strong></span> <span class='ocrx_word' id='word_1_67' title='bbox 766 1081 867 1144; x_wconf 78' lang='lat' dir='ltr'><strong>valet!</strong></span> <span class='ocrx_word' id='word_1_68' title='bbox 991 1092 1023 1141; x_wconf 79' lang='grc'><strong>30</strong></span> 
     </span>
     <span class='ocr_line' id='line_1_11' title="bbox 43 1163 871 1250; baseline -0.004 -19"><span class='ocrx_word' id='word_1_69' title='bbox 43 1165 61 1195; x_wconf 76' lang='lat'><strong>‘</strong></span> <span class='ocrx_word' id='word_1_70' title='bbox 76 1166 149 1242; x_wconf 80' lang='lat' dir='ltr'><strong>Quo</strong></span> <span class='ocrx_word' id='word_1_71' title='bbox 172 1170 209 1231; x_wconf 92' lang='lat' dir='ltr'><strong>tu</strong></span> <span class='ocrx_word' id='word_1_72' title='bbox 227 1167 418 1231; x_wconf 80' lang='lat' dir='ltr'><strong>matutinus’</strong></span> <span class='ocrx_word' id='word_1_73' title='bbox 441 1167 487 1230; x_wconf 90' lang='lat' dir='ltr'><strong>ait</strong></span> <span class='ocrx_word' id='word_1_74' title='bbox 509 1166 708 1250; x_wconf 71' lang='lat' dir='ltr'><strong>‘speculator</strong></span> <span class='ocrx_word' id='word_1_75' title='bbox 730 1163 871 1230; x_wconf 76' lang='lat' dir='ltr'><strong>amicae?</strong></span> 
     </span>
     <span class='ocr_line' id='line_1_12' title="bbox 104 1248 843 1334; baseline -0.004 -20"><span class='ocrx_word' id='word_1_76' title='bbox 104 1251 157 1315; x_wconf 90' lang='lat' dir='ltr'><strong>Me</strong></span> <span class='ocrx_word' id='word_1_77' title='bbox 179 1251 315 1316; x_wconf 87' lang='lat' dir='ltr'><strong>similem</strong></span> <span class='ocrx_word' id='word_1_78' title='bbox 337 1251 450 1315; x_wconf 89' lang='lat' dir='ltr'><strong>vestris</strong></span> <span class='ocrx_word' id='word_1_79' title='bbox 472 1251 614 1315; x_wconf 88' lang='lat' dir='ltr'><strong>moribus</strong></span> <span class='ocrx_word' id='word_1_80' title='bbox 637 1272 706 1315; x_wconf 89' lang='lat' dir='ltr'><strong>esse</strong></span> <span class='ocrx_word' id='word_1_81' title='bbox 728 1248 843 1334; x_wconf 80' lang='lat' dir='ltr'><strong>putas?</strong></span> 
     </span>
     <span class='ocr_line' id='line_1_13' title="bbox 43 1326 992 1421; baseline -0.003 -22"><span class='ocrx_word' id='word_1_82' title='bbox 43 1326 138 1399; x_wconf 85' lang='lat' dir='ltr'><strong>Non</strong></span> <span class='ocrx_word' id='word_1_83' title='bbox 160 1357 220 1421; x_wconf 88' lang='lat' dir='ltr'><strong>ego</strong></span> <span class='ocrx_word' id='word_1_84' title='bbox 242 1339 309 1400; x_wconf 88' lang='lat' dir='ltr'><strong>tam</strong></span> <span class='ocrx_word' id='word_1_85' title='bbox 329 1336 448 1400; x_wconf 89' lang='lat' dir='ltr'><strong>facilis:</strong></span> <span class='ocrx_word' id='word_1_86' title='bbox 471 1338 521 1399; x_wconf 86' lang='lat' dir='ltr'><strong>sat</strong></span> <span class='ocrx_word' id='word_1_87' title='bbox 543 1336 603 1398; x_wconf 90' lang='lat' dir='ltr'><strong>erit</strong></span> <span class='ocrx_word' id='word_1_88' title='bbox 624 1335 703 1399; x_wconf 89' lang='lat' dir='ltr'><strong>mihi</strong></span> <span class='ocrx_word' id='word_1_89' title='bbox 726 1333 874 1420; x_wconf 79' lang='lat' dir='ltr'><strong>cognitus</strong></span> <span class='ocrx_word' id='word_1_90' title='bbox 896 1354 992 1416; x_wconf 88' lang='lat' dir='ltr'><strong>unus,</strong></span> 
     </span>
     <span class='ocr_line' id='line_1_14' title="bbox 106 1419 871 1503; baseline -0.003 -19"><span class='ocrx_word' id='word_1_91' title='bbox 106 1419 165 1484; x_wconf 91' lang='lat' dir='ltr'><strong>Vel</strong></span> <span class='ocrx_word' id='word_1_92' title='bbox 186 1424 223 1484; x_wconf 90' lang='lat' dir='ltr'><strong>tu</strong></span> <span class='ocrx_word' id='word_1_93' title='bbox 243 1421 294 1484; x_wconf 89' lang='lat' dir='ltr'><strong>vel</strong></span> <span class='ocrx_word' id='word_1_94' title='bbox 316 1420 415 1503; x_wconf 88' lang='lat' dir='ltr'><strong>siquis</strong></span> <span class='ocrx_word' id='word_1_95' title='bbox 436 1420 541 1483; x_wconf 89' lang='lat' dir='ltr'><strong>verior</strong></span> <span class='ocrx_word' id='word_1_96' title='bbox 563 1441 631 1483; x_wconf 90' lang='lat' dir='ltr'><strong>esse</strong></span> <span class='ocrx_word' id='word_1_97' title='bbox 653 1422 769 1502; x_wconf 89' lang='lat' dir='ltr'><strong>potest.</strong></span> <span class='ocrx_word' id='word_1_98' title='bbox 869 1458 871 1462; x_wconf 64' lang='grc'><em>»</em></span> 
     </span>
     <span class='ocr_line' id='line_1_15' title="bbox 48 1503 1024 1588; baseline -0.003 -22"><span class='ocrx_word' id='word_1_99' title='bbox 48 1503 233 1588; x_wconf 85' lang='lat' dir='ltr'><strong>Apparent</strong></span> <span class='ocrx_word' id='word_1_100' title='bbox 252 1526 320 1568; x_wconf 92' lang='lat' dir='ltr'><strong>non</strong></span> <span class='ocrx_word' id='word_1_101' title='bbox 341 1506 407 1568; x_wconf 86' lang='lat' dir='ltr'><strong>ulla</strong></span> <span class='ocrx_word' id='word_1_102' title='bbox 427 1508 497 1568; x_wconf 89' lang='lat' dir='ltr'><strong>toro</strong></span> <span class='ocrx_word' id='word_1_103' title='bbox 519 1504 654 1588; x_wconf 83' lang='lat' dir='ltr'><strong>vestigia</strong></span> <span class='ocrx_word' id='word_1_104' title='bbox 674 1523 803 1588; x_wconf 87' lang='lat' dir='ltr'><strong>presso,</strong></span> <span class='ocrx_word' id='word_1_105' title='bbox 992 1516 1024 1564; x_wconf 78' lang='lat'><strong>35</strong></span> 
     </span>
     <span class='ocr_line' id='line_1_16' title="bbox 107 1588 766 1675; baseline -0.002 -22"><span class='ocrx_word' id='word_1_106' title='bbox 107 1588 207 1675; x_wconf 82' lang='lat' dir='ltr'><strong>Signa</strong></span> <span class='ocrx_word' id='word_1_107' title='bbox 227 1590 416 1673; x_wconf 89' lang='lat' dir='ltr'><strong>voluptatis,</strong></span> <span class='ocrx_word' id='word_1_108' title='bbox 439 1609 500 1653; x_wconf 92' lang='lat' dir='ltr'><strong>nec</strong></span> <span class='ocrx_word' id='word_1_109' title='bbox 520 1589 655 1652; x_wconf 87' lang='lat' dir='ltr'><strong>iacuisse</strong></span> <span class='ocrx_word' id='word_1_110' title='bbox 678 1588 766 1652; x_wconf 90' lang='lat' dir='ltr'><strong>duos.</strong></span> 
     </span>
     <span class='ocr_line' id='line_1_17' title="bbox 47 1671 921 1758; baseline 0.002 -24"><span class='ocrx_word' id='word_1_111' title='bbox 47 1671 197 1756; x_wconf 81' lang='lat' dir='ltr'><strong>Aspice,</strong></span> <span class='ocrx_word' id='word_1_112' title='bbox 221 1677 257 1737; x_wconf 94' lang='lat' dir='ltr'><strong>ut</strong></span> <span class='ocrx_word' id='word_1_113' title='bbox 277 1674 313 1737; x_wconf 93' lang='lat' dir='ltr'><strong>in</strong></span> <span class='ocrx_word' id='word_1_114' title='bbox 334 1677 402 1737; x_wconf 89' lang='lat' dir='ltr'><strong>toto</strong></span> <span class='ocrx_word' id='word_1_115' title='bbox 425 1673 531 1737; x_wconf 90' lang='lat' dir='ltr'><strong>nullus</strong></span> <span class='ocrx_word' id='word_1_116' title='bbox 553 1671 634 1736; x_wconf 84' lang='lat' dir='ltr'><strong>mihi</strong></span> <span class='ocrx_word' id='word_1_117' title='bbox 655 1693 788 1757; x_wconf 91' lang='lat' dir='ltr'><strong>corpore</strong></span> <span class='ocrx_word' id='word_1_118' title='bbox 810 1675 921 1758; x_wconf 86' lang='lat' dir='ltr'><strong>surgat</strong></span> 
     </span>
     <span class='ocr_line' id='line_1_18' title="bbox 108 1756 720 1842; baseline -0.003 -19"><span class='ocrx_word' id='word_1_119' title='bbox 108 1759 244 1842; x_wconf 83' lang='lat' dir='ltr'><strong>Spiritus</strong></span> <span class='ocrx_word' id='word_1_120' title='bbox 266 1757 404 1822; x_wconf 87' lang='lat' dir='ltr'><strong>admisso</strong></span> <span class='ocrx_word' id='word_1_121' title='bbox 424 1762 520 1821; x_wconf 90' lang='lat' dir='ltr'><strong>notus</strong></span> <span class='ocrx_word' id='word_1_122' title='bbox 542 1756 720 1822; x_wconf 67' lang='lat' dir='ltr'><strong>adulterio?</strong></span> 
     </span>
     <span class='ocr_line' id='line_1_19' title="bbox 55 1834 840 1926; baseline 0 -22"><span class='ocrx_word' id='word_1_123' title='bbox 55 1834 172 1926; x_wconf 81' lang='lat' dir='ltr'><strong>Dixit,</strong></span> <span class='ocrx_word' id='word_1_124' title='bbox 195 1846 227 1907; x_wconf 93' lang='lat' dir='ltr'><strong>et</strong></span> <span class='ocrx_word' id='word_1_125' title='bbox 248 1844 397 1926; x_wconf 87' lang='lat' dir='ltr'><strong>opposita</strong></span> <span class='ocrx_word' id='word_1_126' title='bbox 417 1843 599 1925; x_wconf 89' lang='lat' dir='ltr'><strong>propellens</strong></span> <span class='ocrx_word' id='word_1_127' title='bbox 621 1843 708 1905; x_wconf 85' lang='lat' dir='ltr'><strong>savia</strong></span> <span class='ocrx_word' id='word_1_128' title='bbox 729 1842 840 1906; x_wconf 84' lang='lat' dir='ltr'><strong>dextra</strong></span> 
     </span>
     <span class='ocr_line' id='line_1_20' title="bbox 109 1927 1026 2010; baseline -0.003 -19"><span class='ocrx_word' id='word_1_129' title='bbox 109 1927 240 1991; x_wconf 76' lang='lat' dir='ltr'><strong>Prosilit</strong></span> <span class='ocrx_word' id='word_1_130' title='bbox 260 1929 296 1990; x_wconf 90' lang='lat' dir='ltr'><strong>in</strong></span> <span class='ocrx_word' id='word_1_131' title='bbox 317 1928 388 1990; x_wconf 86' lang='lat' dir='ltr'><strong>laxa</strong></span> <span class='ocrx_word' id='word_1_132' title='bbox 409 1927 484 1990; x_wconf 86' lang='lat' dir='ltr'><strong>nixa</strong></span> <span class='ocrx_word' id='word_1_133' title='bbox 505 1927 618 2010; x_wconf 87' lang='lat' dir='ltr'><strong>pedem</strong></span> <span class='ocrx_word' id='word_1_134' title='bbox 640 1927 735 1991; x_wconf 87' lang='lat' dir='ltr'><strong>solea.</strong></span> <span class='ocrx_word' id='word_1_135' title='bbox 993 1939 1026 1988; x_wconf 84' lang='lat'><strong>40</strong></span> 
     </span>
     <span class='ocr_line' id='line_1_21' title="bbox 55 2008 885 2097; baseline -0.002 -20"><span class='ocrx_word' id='word_1_136' title='bbox 55 2008 118 2077; x_wconf 72' lang='lat' dir='ltr'><strong>Sic</strong></span> <span class='ocrx_word' id='word_1_137' title='bbox 140 2033 200 2097; x_wconf 83' lang='lat' dir='ltr'><strong>ego</strong></span> <span class='ocrx_word' id='word_1_138' title='bbox 222 2015 289 2074; x_wconf 89' lang='lat' dir='ltr'><strong>tam</strong></span> <span class='ocrx_word' id='word_1_139' title='bbox 311 2012 413 2076; x_wconf 86' lang='lat' dir='ltr'><strong>sancti</strong></span> <span class='ocrx_word' id='word_1_140' title='bbox 436 2010 559 2075; x_wconf 90' lang='lat' dir='ltr'><strong>custodi</strong></span> <span class='ocrx_word' id='word_1_141' title='bbox 581 2011 731 2074; x_wconf 85' lang='lat' dir='ltr'><strong>excludor</strong></span> <span class='ocrx_word' id='word_1_142' title='bbox 753 2010 885 2076; x_wconf 85' lang='lat' dir='ltr'><strong>amoris:</strong></span> 
     </span>
     <span class='ocr_line' id='line_1_22' title="bbox 107 2094 724 2161; baseline -0.005 0"><span class='ocrx_word' id='word_1_143' title='bbox 107 2097 157 2161; x_wconf 81' lang='lat' dir='ltr'><strong>Ex</strong></span> <span class='ocrx_word' id='word_1_144' title='bbox 178 2096 235 2160; x_wconf 91' lang='lat' dir='ltr'><strong>illo</strong></span> <span class='ocrx_word' id='word_1_145' title='bbox 256 2095 335 2160; x_wconf 85' lang='lat' dir='ltr'><strong>felix</strong></span> <span class='ocrx_word' id='word_1_146' title='bbox 356 2117 421 2159; x_wconf 87' lang='lat' dir='ltr'><strong>nox</strong></span> <span class='ocrx_word' id='word_1_147' title='bbox 442 2095 523 2158; x_wconf 89' lang='lat' dir='ltr'><strong>mihi</strong></span> <span class='ocrx_word' id='word_1_148' title='bbox 543 2094 633 2158; x_wconf 90' lang='lat' dir='ltr'><strong>nulla</strong></span> <span class='ocrx_word' id='word_1_149' title='bbox 653 2095 724 2158; x_wconf 87' lang='lat' dir='ltr'><strong>fuit.</strong></span> 
     </span>
    </p>
   </div>
   <div class='ocr_carea' id='block_1_3' title="bbox 470 2217 622 2226">
    <p class='ocr_par' dir='ltr' id='par_1_3' title="bbox 470 2217 622 2226">
     <span class='ocr_line' id='line_1_23' title="bbox 470 2217 622 2226; baseline -0.007 0"><span class='ocrx_word' id='word_1_150' title='bbox 470 2217 622 2226; x_wconf 79' lang='lat'>————</span> 
     </span>
    </p>
   </div>
   <div class='ocr_carea' id='block_1_4' title="bbox 384 2310 707 2403">
    <p class='ocr_par' dir='ltr' id='par_1_4' title="bbox 384 2310 707 2403">
     <span class='ocr_line' id='line_1_24' title="bbox 384 2310 707 2403; baseline 0 -19"><span class='ocrx_word' id='word_1_151' title='bbox 384 2311 540 2384; x_wconf 76' lang='grc'><strong>11111111</strong></span> <span class='ocrx_word' id='word_1_152' title='bbox 567 2310 707 2403; x_wconf 73' lang='lat' dir='ltr'><strong>[xxm.</strong></span> 
     </span>
    </p>
   </div>
   <div class='ocr_carea' id='block_1_5' title="bbox 10 2433 1079 3617">
    <p class='ocr_par' dir='ltr' id='par_1_5' title="bbox 10 2433 1079 3617">
     <span class='ocr_line' id='line_1_25' title="bbox 65 2433 1079 2518; baseline -0.003 -18"><span class='ocrx_word' id='word_1_153' title='bbox 65 2436 135 2512; x_wconf 82' lang='lat' dir='ltr'><strong>Quo</strong></span> <span class='ocrx_word' id='word_1_154' title='bbox 157 2436 192 2499; x_wconf 89' lang='lat' dir='ltr'><strong>fu</strong></span> <span class='ocrx_word' id='word_1_155' title='bbox 216 2435 243 2499; x_wconf 90' lang='lat' dir='ltr'><strong>is</strong></span> <span class='ocrx_word' id='word_1_156' title='bbox 263 2456 283 2498; x_wconf 84' lang='lat' dir='ltr'><strong>u</strong></span> <span class='ocrx_word' id='word_1_157' title='bbox 302 2435 455 2499; x_wconf 76' lang='lat' dir='ltr'><strong>clemens?</strong></span> <span class='ocrx_word' id='word_1_158' title='bbox 478 2435 598 2499; x_wconf 87' lang='lat' dir='ltr'><strong>nullast</strong></span> <span class='ocrx_word' id='word_1_159' title='bbox 618 2434 711 2518; x_wconf 82' lang='lat' dir='ltr'><strong>fuga:</strong></span> <span class='ocrx_word' id='word_1_160' title='bbox 734 2436 769 2497; x_wconf 92' lang='lat' dir='ltr'><strong>tu</strong></span> <span class='ocrx_word' id='word_1_161' title='bbox 790 2433 866 2497; x_wconf 87' lang='lat' dir='ltr'><strong>licet</strong></span> <span class='ocrx_word' id='word_1_162' title='bbox 887 2453 986 2516; x_wconf 89' lang='lat' dir='ltr'><strong>usque</strong></span> <span class='ocrx_word' id='word_1_163' title='bbox 1077 2466 1079 2470; x_wconf 45' lang='lat'><em>⁴</em></span> 
     </span>
     <span class='ocr_line' id='line_1_26' title="bbox 109 2457 1031 2604; baseline -0.004 -20"><span class='ocrx_word' id='word_1_164' title='bbox 109 2521 160 2584; x_wconf 84' lang='lat' dir='ltr'><strong>Ad</strong></span> <span class='ocrx_word' id='word_1_165' title='bbox 183 2457 308 2583; x_wconf 61' lang='grc'><strong>’10110111</strong></span> <span class='ocrx_word' id='word_1_166' title='bbox 328 2520 450 2604; x_wconf 83' lang='lat' dir='ltr'><strong>fugias,</strong></span> <span class='ocrx_word' id='word_1_167' title='bbox 471 2540 571 2601; x_wconf 90' lang='lat' dir='ltr'><strong>usque</strong></span> <span class='ocrx_word' id='word_1_168' title='bbox 594 2520 742 2602; x_wconf 88' lang='lat' dir='ltr'><strong>sequetur</strong></span> <span class='ocrx_word' id='word_1_169' title='bbox 763 2518 875 2582; x_wconf 87' lang='lat' dir='ltr'><strong>Amor.</strong></span> <span class='ocrx_word' id='word_1_170' title='bbox 1029 2549 1031 2553; x_wconf 45' lang='lat'><em>⁴</em></span> 
     </span>
     <span class='ocr_line' id='line_1_27' title="bbox 68 2602 790 2689; baseline -0.006 -20"><span class='ocrx_word' id='word_1_171' title='bbox 68 2603 142 2669; x_wconf 88' lang='lat' dir='ltr'><strong>Non</strong></span> <span class='ocrx_word' id='word_1_172' title='bbox 164 2605 192 2668; x_wconf 84' lang='lat' dir='ltr'><strong>si</strong></span> <span class='ocrx_word' id='word_1_173' title='bbox 213 2604 354 2689; x_wconf 84' lang='lat' dir='ltr'><strong>Pegaseo</strong></span> <span class='ocrx_word' id='word_1_174' title='bbox 377 2604 509 2667; x_wconf 82' lang='lat' dir='ltr'><strong>vecteris</strong></span> <span class='ocrx_word' id='word_1_175' title='bbox 531 2604 565 2666; x_wconf 91' lang='lat' dir='ltr'><strong>in</strong></span> <span class='ocrx_word' id='word_1_176' title='bbox 588 2624 658 2666; x_wconf 87' lang='lat' dir='ltr'><strong>aere</strong></span> <span class='ocrx_word' id='word_1_177' title='bbox 681 2602 790 2685; x_wconf 88' lang='lat' dir='ltr'><strong>dorso,</strong></span> 
     </span>
     <span class='ocr_line' id='line_1_28' title="bbox 10 2684 800 2770; baseline -0.005 -16"><span class='ocrx_word' id='word_1_178' title='bbox 10 2696 12 2707; x_wconf 93' lang='lat'>&#39;</span> <span class='ocrx_word' id='word_1_179' title='bbox 103 2684 178 2754; x_wconf 75' lang='lat' dir='ltr'><strong>&#39;Nec</strong></span> <span class='ocrx_word' id='word_1_180' title='bbox 200 2688 260 2752; x_wconf 88' lang='lat' dir='ltr'><strong>tibi</strong></span> <span class='ocrx_word' id='word_1_181' title='bbox 282 2689 309 2751; x_wconf 90' lang='lat' dir='ltr'><strong>si</strong></span> <span class='ocrx_word' id='word_1_182' title='bbox 331 2687 439 2752; x_wconf 90' lang='lat' dir='ltr'><strong>Persei</strong></span> <span class='ocrx_word' id='word_1_183' title='bbox 460 2687 596 2751; x_wconf 88' lang='lat' dir='ltr'><strong>moverit</strong></span> <span class='ocrx_word' id='word_1_184' title='bbox 617 2688 668 2750; x_wconf 87' lang='lat' dir='ltr'><strong>ala</strong></span> <span class='ocrx_word' id='word_1_185' title='bbox 689 2686 800 2770; x_wconf 82' lang='lat' dir='ltr'><strong>pedes,</strong></span> 
     </span>
     <span class='ocr_line' id='line_1_29' title="bbox 68 2771 1028 2856; baseline -0.006 -17"><span class='ocrx_word' id='word_1_186' title='bbox 68 2772 127 2839; x_wconf 91' lang='lat' dir='ltr'><strong>Vel</strong></span> <span class='ocrx_word' id='word_1_187' title='bbox 149 2774 177 2837; x_wconf 88' lang='lat' dir='ltr'><strong>si</strong></span> <span class='ocrx_word' id='word_1_188' title='bbox 199 2776 232 2837; x_wconf 92' lang='lat' dir='ltr'><strong>te</strong></span> <span class='ocrx_word' id='word_1_189' title='bbox 254 2776 357 2836; x_wconf 86' lang='lat' dir='ltr'><strong>sectae</strong></span> <span class='ocrx_word' id='word_1_190' title='bbox 378 2773 505 2856; x_wconf 84' lang='lat' dir='ltr'><strong>rapiant</strong></span> <span class='ocrx_word' id='word_1_191' title='bbox 526 2771 678 2834; x_wconf 87' lang='lat' dir='ltr'><strong>talaribus</strong></span> <span class='ocrx_word' id='word_1_192' title='bbox 702 2792 809 2854; x_wconf 88' lang='lat' dir='ltr'><strong>aurae,</strong></span> <span class='ocrx_word' id='word_1_193' title='bbox 1012 2781 1028 2833; x_wconf 75' lang='lat'><strong>5</strong></span> 
     </span>
     <span class='ocr_line' id='line_1_30' title="bbox 110 2855 751 2940; baseline -0.006 -17"><span class='ocrx_word' id='word_1_194' title='bbox 110 2857 166 2923; x_wconf 92' lang='lat' dir='ltr'><strong>Nil</strong></span> <span class='ocrx_word' id='word_1_195' title='bbox 187 2857 248 2920; x_wconf 90' lang='lat' dir='ltr'><strong>tibi</strong></span> <span class='ocrx_word' id='word_1_196' title='bbox 269 2856 420 2921; x_wconf 87' lang='lat' dir='ltr'><strong>Mercurii</strong></span> <span class='ocrx_word' id='word_1_197' title='bbox 441 2855 582 2940; x_wconf 87' lang='lat' dir='ltr'><strong>proderit</strong></span> <span class='ocrx_word' id='word_1_198' title='bbox 604 2856 670 2918; x_wconf 85' lang='lat' dir='ltr'><strong>alta</strong></span> <span class='ocrx_word' id='word_1_199' title='bbox 691 2855 751 2919; x_wconf 86' lang='lat' dir='ltr'><strong>via.</strong></span> 
     </span>
     <span class='ocr_line' id='line_1_31' title="bbox 68 2940 968 3024; baseline -0.006 -17"><span class='ocrx_word' id='word_1_200' title='bbox 68 2943 172 3008; x_wconf 87' lang='lat' dir='ltr'><strong>Instat</strong></span> <span class='ocrx_word' id='word_1_201' title='bbox 194 2962 318 3024; x_wconf 91' lang='lat' dir='ltr'><strong>semper</strong></span> <span class='ocrx_word' id='word_1_202' title='bbox 339 2944 440 3005; x_wconf 91' lang='lat' dir='ltr'><strong>Amor</strong></span> <span class='ocrx_word' id='word_1_203' title='bbox 463 2962 558 3023; x_wconf 88' lang='lat' dir='ltr'><strong>supra</strong></span> <span class='ocrx_word' id='word_1_204' title='bbox 580 2943 689 3023; x_wconf 86' lang='lat' dir='ltr'><strong>caput,</strong></span> <span class='ocrx_word' id='word_1_205' title='bbox 711 2940 811 3002; x_wconf 85' lang='lat' dir='ltr'><strong>instat</strong></span> <span class='ocrx_word' id='word_1_206' title='bbox 832 2941 968 3023; x_wconf 87' lang='lat' dir='ltr'><strong>amanti,</strong></span> 
     </span>
     <span class='ocr_line' id='line_1_32' title="bbox 110 3023 834 3110; baseline -0.004 -20"><span class='ocrx_word' id='word_1_207' title='bbox 110 3027 154 3091; x_wconf 80' lang='lat' dir='ltr'><strong>Et</strong></span> <span class='ocrx_word' id='word_1_208' title='bbox 175 3027 282 3110; x_wconf 84' lang='lat' dir='ltr'><strong>gravis</strong></span> <span class='ocrx_word' id='word_1_209' title='bbox 304 3026 372 3108; x_wconf 88' lang='lat' dir='ltr'><strong>ipse</strong></span> <span class='ocrx_word' id='word_1_210' title='bbox 395 3047 489 3108; x_wconf 90' lang='lat' dir='ltr'><strong>super</strong></span> <span class='ocrx_word' id='word_1_211' title='bbox 510 3025 610 3087; x_wconf 85' lang='lat' dir='ltr'><strong>libera</strong></span> <span class='ocrx_word' id='word_1_212' title='bbox 632 3024 714 3086; x_wconf 89' lang='lat' dir='ltr'><strong>colla</strong></span> <span class='ocrx_word' id='word_1_213' title='bbox 736 3023 834 3087; x_wconf 88' lang='lat' dir='ltr'><strong>sedet.</strong></span> 
     </span>
     <span class='ocr_line' id='line_1_33' title="bbox 68 3108 898 3191; baseline -0.006 -14"><span class='ocrx_word' id='word_1_214' title='bbox 68 3111 215 3177; x_wconf 80' lang='lat' dir='ltr'><strong>Excubat</strong></span> <span class='ocrx_word' id='word_1_215' title='bbox 236 3111 291 3174; x_wconf 91' lang='lat' dir='ltr'><strong>ille</strong></span> <span class='ocrx_word' id='word_1_216' title='bbox 313 3130 385 3173; x_wconf 81' lang='lat' dir='ltr'><strong>acer</strong></span> <span class='ocrx_word' id='word_1_217' title='bbox 407 3112 513 3173; x_wconf 88' lang='lat' dir='ltr'><strong>custos</strong></span> <span class='ocrx_word' id='word_1_218' title='bbox 536 3112 568 3172; x_wconf 87' lang='lat' dir='ltr'><strong>et</strong></span> <span class='ocrx_word' id='word_1_219' title='bbox 589 3108 702 3171; x_wconf 86' lang='lat' dir='ltr'><strong>tollere</strong></span> <span class='ocrx_word' id='word_1_220' title='bbox 723 3128 898 3191; x_wconf 88' lang='lat' dir='ltr'><strong>numquam</strong></span> 
     </span>
     <span class='ocr_line' id='line_1_34' title="bbox 110 3192 1031 3278; baseline -0.008 -18"><span class='ocrx_word' id='word_1_221' title='bbox 110 3195 156 3260; x_wconf 82' lang='lat' dir='ltr'><strong>Te</strong></span> <span class='ocrx_word' id='word_1_222' title='bbox 177 3195 316 3278; x_wconf 87' lang='lat' dir='ltr'><strong>patietur</strong></span> <span class='ocrx_word' id='word_1_223' title='bbox 336 3194 433 3258; x_wconf 92' lang='lat' dir='ltr'><strong>humo</strong></span> <span class='ocrx_word' id='word_1_224' title='bbox 456 3194 578 3256; x_wconf 90' lang='lat' dir='ltr'><strong>lumina</strong></span> <span class='ocrx_word' id='word_1_225' title='bbox 601 3195 694 3276; x_wconf 84' lang='lat' dir='ltr'><strong>capta</strong></span> <span class='ocrx_word' id='word_1_226' title='bbox 716 3192 822 3255; x_wconf 87' lang='lat' dir='ltr'><strong>semel.</strong></span> <span class='ocrx_word' id='word_1_227' title='bbox 1000 3205 1031 3254; x_wconf 88' lang='grc'><strong>10</strong></span> 
     </span>
     <span class='ocr_line' id='line_1_35' title="bbox 68 3276 822 3362; baseline -0.009 -16"><span class='ocrx_word' id='word_1_228' title='bbox 68 3282 126 3362; x_wconf 82' lang='lat' dir='ltr'><strong>Et,</strong></span> <span class='ocrx_word' id='word_1_229' title='bbox 149 3281 214 3343; x_wconf 87' lang='lat' dir='ltr'><strong>iam</strong></span> <span class='ocrx_word' id='word_1_230' title='bbox 237 3279 264 3342; x_wconf 89' lang='lat' dir='ltr'><strong>si</strong></span> <span class='ocrx_word' id='word_1_231' title='bbox 286 3299 408 3361; x_wconf 87' lang='lat' dir='ltr'><strong>pecces,</strong></span> <span class='ocrx_word' id='word_1_232' title='bbox 431 3278 507 3341; x_wconf 90' lang='lat' dir='ltr'><strong>deus</strong></span> <span class='ocrx_word' id='word_1_233' title='bbox 530 3277 698 3341; x_wconf 83' lang='lat' dir='ltr'><strong>exorabilis</strong></span> <span class='ocrx_word' id='word_1_234' title='bbox 721 3276 822 3358; x_wconf 87' lang='lat' dir='ltr'><strong>illest,</strong></span> 
     </span>
     <span class='ocr_line' id='line_1_36' title="bbox 111 3362 838 3447; baseline -0.003 -18"><span class='ocrx_word' id='word_1_235' title='bbox 111 3363 263 3429; x_wconf 73' lang='lat' dir='ltr'><strong>simodo</strong></span> <span class='ocrx_word' id='word_1_236' title='bbox 288 3366 470 3447; x_wconf 87' lang='lat' dir='ltr'><strong>praesentes</strong></span> <span class='ocrx_word' id='word_1_237' title='bbox 491 3362 607 3426; x_wconf 90' lang='lat' dir='ltr'><strong>viderit</strong></span> <span class='ocrx_word' id='word_1_238' title='bbox 629 3383 697 3425; x_wconf 91' lang='lat' dir='ltr'><strong>esse</strong></span> <span class='ocrx_word' id='word_1_239' title='bbox 741 3382 838 3428; x_wconf 72' lang='lat' dir='ltr'><strong>recca</strong></span> 
     </span>
     <span class='ocr_line' id='line_1_37' title="bbox 68 3382 792 3516; baseline -0.01 0"><span class='ocrx_word' id='word_1_240' title='bbox 68 3450 135 3516; x_wconf 81' lang='lat' dir='ltr'><strong>Istc</strong></span> <span class='ocrx_word' id='word_1_241' title='bbox 158 3469 250 3512; x_wconf 88' lang='lat' dir='ltr'><strong>senes</strong></span> <span class='ocrx_word' id='word_1_242' title='bbox 273 3449 349 3512; x_wconf 89' lang='lat' dir='ltr'><strong>licet</strong></span> <span class='ocrx_word' id='word_1_243' title='bbox 370 3449 519 3511; x_wconf 89' lang='lat' dir='ltr'><strong>accusent</strong></span> <span class='ocrx_word' id='word_1_244' title='bbox 540 3446 686 3511; x_wconf 86' lang='lat' dir='ltr'><strong>convivia</strong></span> <span class='ocrx_word' id='word_1_245' title='bbox 708 3382 792 3509; x_wconf 73' lang='grc'><strong>1111111</strong></span> 
     </span>
     <span class='ocr_line' id='line_1_38' title="bbox 111 3531 892 3617; baseline -0.001 -19"><span class='ocrx_word' id='word_1_246' title='bbox 111 3533 180 3599; x_wconf 90' lang='lat' dir='ltr'><strong>Nos</strong></span> <span class='ocrx_word' id='word_1_247' title='bbox 202 3532 297 3597; x_wconf 89' lang='lat' dir='ltr'><strong>modo</strong></span> <span class='ocrx_word' id='word_1_248' title='bbox 320 3532 536 3617; x_wconf 88' lang='lat' dir='ltr'><strong>propositum,</strong></span> <span class='ocrx_word' id='word_1_249' title='bbox 559 3532 639 3614; x_wconf 88' lang='lat' dir='ltr'><strong>vita,</strong></span> <span class='ocrx_word' id='word_1_250' title='bbox 662 3535 801 3594; x_wconf 88' lang='lat' dir='ltr'><strong>teramus</strong></span> <span class='ocrx_word' id='word_1_251' title='bbox 823 3531 892 3597; x_wconf 85' lang='lat' dir='ltr'><strong>iter.</strong></span> 
     </span>
    </p>
   </div>
   <div class='ocr_carea' id='block_1_6' title="bbox 0 0 1203 3990">
    <p class='ocr_par' dir='ltr' id='par_1_6' title="bbox 0 0 1203 3990">
     <span class='ocr_line' id='line_1_39' title="bbox 0 0 1203 3990; baseline 0 0"><span class='ocrx_word' id='word_1_252' title='bbox 0 0 1203 3990; x_wconf 95' lang='lat' dir='ltr'><strong> </strong></span> 
     </span>
    </p>
   </div>
  </div>
 </body>
</html>
