2392 3990
116 243 158 307 82
498 249 691 305 Pnornarn
984 245 1082 318 [rnna

222 410 356 477 Invocat
376 412 518 496 Antiope
539 433 634 496 quem
655 410 720 475 nisi
741 410 850 475 vincta
871 408 1006 474 Iovem?

181 495 258 562 Sola
272 500 396 579 tannen,
415 517 630 580 quaecumque
647 496 780 560 aderant
792 496 828 559 in
844 515 977 578 corpore
989 493 1082 576 vires,

221 580 359 666 Regales
381 582 522 645 manicas
544 581 631 663 rupit
651 584 785 663 utraque
806 600 914 643 manu.

131 679 163 727 25
179 664 259 730 Inde
281 664 482 731 Cithaeronis
503 666 617 730 timido
639 664 719 748 pede
741 665 841 728 currit
861 663 896 728 in
918 683 1017 728 moes
1123 735 1125 739 ,

222 749 296 814 Nox
318 754 400 834 erat,
423 754 457 814 et
477 771 587 848 sparso
609 750 700 814 triste
723 748 827 813 cubile
848 747 932 833 gelu.

181 833 281 918 Saepe
303 856 385 919 vago
407 836 510 931 Asop1
531 833 636 898 sonitu
659 836 805 918 permota
825 831 954 896 fluentis

224 917 381 984 (tradebat
403 918 550 983 dommac
570 939 655 1002 pone
677 919 784 981 venire
806 917 913 1000 pedes.
979 954 982 958 ·

178 1002 224 1067 Et
244 1003 356 1067 durum
379 1002 515 1067 Zethum
537 1005 570 1067 et
590 1002 730 1066 lacrimis
745 1001 930 1086 Amphiona
950 1001 1084 1067 mollem

129 1100 163 1148 80
200 1087 392 1172 'Expertast
413 1086 546 1151 stabulis
568 1089 670 1151 mater
691 1088 806 1150 abacta
827 1087 902 1151 suis,

179 1174 229 1237 Ac
250 1173 365 1256 veluti,
385 1193 522 1256 magnos
544 1193 616 1236 cum
637 1175 763 1255 ponunt
783 1191 923 1254 aequora
944 1172 1070 1254 motus,

220 1255 326 1321 Eurus
348 1256 404 1320 ubi
426 1257 557 1321 adverso
581 1256 698 1320 desinit
718 1256 765 1320 ire
786 1253 889 1338 Noto,
1022 1259 1025 1264 '

178 1340 301 1406 Littore
323 1341 351 1405 si
372 1342 471 1406 tacito
494 1341 616 1405 sonitus
637 1340 771 1404 rarescit
790 1337 941 1422 harenae,

221 1424 275 1491 Sic
298 1425 398 1512 (cadit
418 1425 534 1490 inflexo
557 1425 647 1508 lapsa
666 1425 774 1508 puella
793 1423 894 1509 genu)

130 1523 162 1571 aa
179 1509 271 1593 Sera,
294 1514 402 1575 tamen
423 1509 540 1594 pietas:
562 1510 647 1573 natis
670 1511 720 1573 est
740 1509 888 1593 cognitus
911 1529 1011 1574 error.

219 1594 327 1679 Digne
349 1594 435 1659 Iovis
456 1596 549 1658 natos
572 1594 626 1676 qui
647 1595 755 1657 tueare
771 1594 901 1678 'senexj

179 1678 228 1745 Tu
249 1680 354 1743 reddis
376 1679 483 1762 pueris
504 1680 654 1760 matrem,
677 1677 829 1761 puerique
851 1676 1041 1742 trahendam

220 1762 401 1827 Vinxerunt
421 1762 540 1827 Dircen
562 1763 620 1827 sub
642 1763 741 1826 trucis
763 1783 819 1826 ora
840 1761 941 1826 bovis

179 1848 335 1930 Antiope,
358 1868 514 1931 cognosce
536 1846 660 1912 Iovem:
682 1847 743 1910 tibi
764 1846 868 1930 gloria
887 1845 984 1910 Dirce

130 1945 163 1994 40
218 1931 354 1996 Ducitur
375 1932 409 1995 in
430 1933 540 1996 multis
561 1934 699 1996 mortem
720 1930 869 1995 habitura
890 1930 979 1995 locis

179 2015 275 2080 Prata
297 2019 504 2081 cruentantur
525 2015 642 2099 Zetho,
664 2015 828 2098 victorque
850 2016 985 2079 canebat

221 2101 348 2165 Paeana
368 2100 533 2183 Amphion
553 2122 647 2184 rupe,
669 2099 871 2182 Aracyntho,
893 2102 958 2163 tua.

178 2186 224 2250 At
245 2188 281 2249 tu
301 2207 369 2249 non
389 2187 536 2249 meritam
557 2206 668 2268 parcas
690 2204 803 2248 vexare
824 2182 1019 2266 Lycinnam:

221 2270 333 2334 Nescit
355 2274 461 2333 vestra
482 2290 576 2332 ruens
599 2270 646 2331 ira
667 2269 785 2332 referre
808 2267 931 2350 pedem.

130 2370 162 2418 45
177 2354 300 2420 Fabula
320 2354 409 2417 nulla
429 2358 502 2416 tuas
525 2352 563 2417 de
584 2353 678 2416 nobis
700 2352 841 2417 concitet
862 2373 969 2418 aures:

221 2438 267 2503 Te
288 2438 390 2503 solam
411 2441 444 2502 et
465 2437 562 2522 lignis
584 2437 705 2500 funeris
727 2439 817 2501 ustus
839 2458 952 2502 amem.

523 2569 675 2578 ——-

486 2651 554 2724 xv
581 2647 705 2752 [nvn.

178 2775 253 2844 Nox
280 2774 401 2859 media,
431 2777 465 2840 et
485 2773 632 2840 dominae
654 2773 734 2838 mihi
754 2776 843 2839 venit
864 2774 1002 2858 epistula
1023 2797 1083 2840 no·

725 2862 823 2924 strae:

222 2945 338 3009 Tibure
360 2967 411 3010 me
432 2945 531 3008 missa
552 2944 645 3008 iussit
663 2944 775 3008 ¹adesse
798 2965 905 3026 mora,

180 3029 323 3097 Candida
345 3051 406 3113 qua
431 3030 575 3114 geminas
604 3029 777 3092 ostendunt
799 3029 937 3091 eulmina
957 3030 1081 3114 mnes,

220 3116 265 3179 Et
287 3115 371 3178 eadit
393 3115 427 3177 in
448 3114 574 3197 patulos
597 3113 727 3196 lympha
749 3113 875 3176 Aniena
897 3114 994 3178 lacus.

150 3214 167 3263 5
182 3200 264 3276 Quid
280 3198 417 3263 faciam?
441 3198 585 3261 obductis
602 3199 798 3261 committam
814 3218 906 3261 mene
921 3197 1080 3282 tenebris,

222 3284 266 3349 Vt
287 3285 416 3346 timeam
439 3282 571 3346 audaces
594 3283 629 3345 in
649 3305 721 3346 mea
742 3283 886 3344 membra
908 3281 1042 3347 manus?

178 3371 224 3433 At
246 3369 273 3431 si
296 3368 448 3430 distulero
471 3365 550 3430 haec
571 3370 680 3431 nostro
704 3367 853 3429 mandata
875 3367 1007 3450 timore,

219 3453 386 3517 Nocturno
408 3452 501 3514 fletus
523 3452 645 3515 saevior
666 3451 758 3515 hoste
784 3450 872 3514 mihi.

177 3538 346 3602 Peccaram
368 3536 480 3619 semel,
503 3539 535 3600 et
549 3540 652 3600 totum
667 3558 737 3600 sum
751 3536 862 3620 pulsus
884 3534 920 3599 in
941 3556 1077 3600 annum·
