2392 3990
116 243 186 315 vn]
526 244 634 298 uranu
655 245 676 299 1

114 403 157 470 Et
178 405 239 469 tibi
260 426 327 468 non
348 427 499 488 umquam
520 410 648 470 nostros
670 428 749 491 puer
770 410 813 470 1s
815 428 832 470 e
799 406 979 470 tlabores

156 490 292 554 Adferat
314 492 347 553 et
367 491 507 554 lacrimis
529 492 637 555 omnia
657 495 736 555 nota
757 491 846 555 meis.

115 573 216 638 Me
191 596 269 657 srne,
292 595 387 671 quem
409 597 534 658 semper
555 576 656 639 voluit
676 576 836 639 fortuna
827 597 938 672 1acere,
1046 586 1080 637 25

155 657 250 723 Hanc
272 659 413 722 animam
435 667 592 723 extremae
614 660 745 723 reddere
766 661 936 743 nequitiae

115 742 210 807 Multi
185 744 409 828 tlonginquo
432 745 554 826 periere
576 744 611 807 in
632 765 740 808 amore
761 744 907 825 libenter,

156 827 196 890 In
218 849 351 910 quorum
374 850 505 892 numero
527 849 578 892 me
600 849 725 911 quoque
747 831 833 892 terra
853 832 951 912 tegat.

116 910 191 977 Non
214 932 274 997 ego
298 934 369 975 sum
392 913 486 992 laudi,
509 933 575 976 non
596 935 638 976 na
640 917 690 976 tus
640 912 845 976 tidoneus
867 915 980 976 armis

157 995 251 1060 Hanc
273 1018 324 1060 me
346 997 494 1060 militiam
515 997 582 1060 fata
604 997 709 1061 subire
730 996 852 1061 volunt.
1047 1008 1081 1058 30

66 1116 68 1123 ·
117 1084 160 1144 At
181 1084 217 1144 tu
240 1102 296 1144 seu
317 1082 424 1144 mollis
443 1087 543 1177 quat
529 1082 633 1145 tendit
654 1080 746 1144 Ionia
767 1103 823 1145 seu
845 1102 907 1165 qua

157 1164 259 1248 Lydia
279 1165 404 1229 Pactoli
425 1166 524 1250 tingit
545 1170 633 1229 arata
655 1165 768 1249 liquor,

117 1249 178 1314 Seu
201 1249 372 1333 pedibust
374 1271 459 1313 erras
482 1271 537 1313 seu
558 1254 692 1334 pontum
715 1271 844 1347 carpere
866 1250 962 1314 remis

158 1333 294 1416 Ibis,ut
258 1335 439 1429 uaocepti
461 1355 530 1397 sors
552 1336 643 1398 erit
634 1336 775 1431 imperii:

117 1417 200 1482 Tum
221 1418 281 1481 tibi
303 1420 395 1502 siqua
416 1419 479 1482 mei
501 1420 607 1483 veniet
628 1441 694 1482 non
716 1419 873 1483 inmemor
894 1417 983 1501 hora,
1048 1430 1081 1477 35

159 1501 275 1566 Vivere
297 1524 348 1567 me
371 1502 449 1566 duro
472 1503 574 1567 sidere
596 1510 663 1567 cert
664 1526 700 1566 us
723 1505 793 1568 eris.

524 1633 674 1642 -ι

561 1717 639 1790 Vll.

120 1839 204 1904 Dum
226 1840 286 1903 tibi
308 1838 463 1904 Cadmeae
486 1840 642 1922 dicuntur,
666 1840 809 1924 Pontice,
832 1839 960 1904 Thebae

160 1927 323 2007 Armaque
344 1926 503 1988 fraternae
525 1926 630 1987 tristia
652 1926 793 2005 militiae,

121 2012 236 2093 Atque,
260 2010 305 2072 ita
327 2010 387 2073 sim
408 2009 494 2091 felix,
516 2011 620 2093 primo
644 2014 719 2072 cont
705 2010 809 2072 tendis
831 2008 983 2092 Homero,

161 2093 234 2159 Sint
255 2093 350 2157 modo
374 2094 441 2158 fata
462 2059 524 2157 triis
546 2093 657 2156 mollia
678 2094 886 2156 carminibus:

120 2177 258 2261 Nos,t
221 2182 258 2240 ut
279 2198 478 2261 consuamus,
501 2183 576 2242 nost
576 2199 628 2241 ros
650 2180 808 2262 agitamus
831 2199 954 2240 amores
1067 2189 1084 2237 5

161 2265 269 2346 Atque
291 2263 412 2358 aliquid
434 2263 556 2326 duram
567 2264 746 2345 quaerimus
769 2263 803 2325 in
825 2261 1002 2346 dominam,

120 2345 188 2412 Nec
210 2347 368 2411 tantumi
358 2349 498 2443 rngenio,
521 2351 674 2430 quantum
696 2347 813 2411 servire
836 2346 939 2409 dolori

162 2431 271 2516 Cogor
292 2435 325 2495 et
346 2437 398 2495 aet
384 2432 459 2495 tatis
480 2436 625 2529 tempora
647 2432 726 2496 dura
748 2431 845 2514 queri.

121 2515 182 2580 Hic
203 2516 282 2579 milri
306 2517 479 2580 conteritur
494 2518 576 2580 vitae
592 2517 713 2598 modus,
738 2517 816 2580 haec
830 2537 902 2579 mea
915 2516 1041 2598 famast,

162 2599 249 2664 Hinc
272 2601 365 2684 cupio
387 2622 506 2664 nomen
528 2602 677 2664 carminis
699 2603 745 2664 ire
767 2600 839 2664 mei
1051 2612 1086 2660 ιο

121 2684 172 2749 Me
194 2685 326 2748 laudent
347 2685 458 2748 doctae
480 2685 584 2749 solum
606 2685 764 2767 placuisse
786 2685 920 2769 puellae,

161 2769 305 2852 Pontice,
329 2774 361 2832 et
382 2770 516 2833 iniustas
539 2791 634 2851 saepe
656 2770 768 2833 tulisse
790 2771 909 2833 minas:

121 2853 172 2918 Me
196 2855 282 2938 legat
304 2853 434 2916 adsidue
456 2853 628 2937 posthaec
651 2855 816 2938 neglectus
839 2856 970 2937 amator,

161 2938 206 3002 Et
226 2940 352 3022 prosint
373 2939 421 3000 illi
443 2940 573 3022 cognita
594 2942 704 3001 nostra
725 2939 816 3002 mala.

120 3022 164 3087 Te
187 3044 312 3107 quoque
335 3024 363 3085 si
385 3026 470 3086 certo
492 3045 571 3107 puer
592 3022 645 3086 hic
668 3024 863 3086 concusserit
883 3044 969 3106 arcu,
1053 3033 1084 3084 15

162 3107 232 3183 Quo
254 3107 355 3170 nolim
378 3112 505 3170 nostros
527 3112 559 3170 te
581 3107 716 3170 violasse
739 3107 824 3190 deos,

121 3191 232 3276 Longe
255 3195 360 3255 castra
380 3192 449 3273 tibi,
472 3191 567 3276 longe
589 3192 686 3255 miser
707 3192 836 3276 agmina
857 3198 980 3276 septem

162 3276 270 3340 Flebis
292 3278 325 3339 in
348 3281 478 3340 aeterno
501 3276 596 3339 surda
617 3279 718 3340 iacere
741 3278 813 3358 situ,

120 3360 165 3426 Et
185 3361 305 3425 frustra
327 3361 434 3444 cupies
457 3361 586 3424 mollem
608 3382 788 3444 conponere
811 3382 946 3444 versum,

163 3445 232 3510 Nec
253 3446 313 3509 tibi
336 3445 470 3509 subiciet
492 3447 633 3508 carmina
654 3467 742 3508 serus
764 3447 873 3509 Amor.

121 3530 203 3594 Τιιιιι
225 3553 276 3594 me
297 3553 364 3594 non
385 3530 537 3594 humilem
559 3531 714 3594 mirabere
737 3552 829 3614 saepe
851 3533 990 3616 poetam,
