2392 3990
120 256 158 322 12
499 259 693 316 Paemani
1024 261 1062 328 [x

224 424 341 490 Omnia
361 427 398 488 tu
418 426 547 487 nostrae
568 425 715 506 tempora
736 422 885 487 laetitiae.

132 522 166 573 ab
181 508 243 575 Seu
264 509 366 572 tristis
388 508 514 572 veniam
536 528 593 571 seu
614 511 725 572 contra
746 507 849 571 laetus
872 506 992 590 amicis

225 593 308 670 Quid
330 592 385 656 uid
408 613 471 674 ero,
497 592 600 655 dicam
623 590 775 674 ‘Cynthia
797 613 891 655 causa
912 591 995 655 fuit.¹

183 677 231 742 Tu
252 615 465 760 moiioquam
487 677 625 760 primum
647 679 812 759 corruptas
840 675 948 740 desere
969 675 1064 740 Baias

225 761 336 825 Multis
358 761 420 824 ista
442 761 561 824 dabant
584 761 695 824 littora
716 760 893 843 discidium,

182 845 315 928 Littera,
338 867 418 930 quae
439 846 568 909 fuerant
589 845 684 909 castis
706 845 837 908 inimica
857 843 983 927 puellis.

133 938 167 993 ³0
223 930 255 995 A
276 933 408 1014 pereant
430 929 537 1011 Baiae,
561 929 681 992 crimen
703 929 830 1011 amoris,
853 931 967 1011 aquael

524 1059 676 1068 -.---

557 1143 637 1218 XII.

184 1267 267 1345 Quid
288 1267 369 1332 mihi
390 1267 529 1332 desidiae
550 1288 618 1331 non
639 1288 744 1332 cessas
765 1268 886 1353 fingere
908 1268 1041 1351 crimen,

226 1353 318 1430 Quod
340 1353 440 1418 faciat
459 1353 552 1416 nobis
575 1350 715 1435 Cynthia
736 1374 844 1417 amore
865 1352 1011 1418 moram?

184 1437 263 1502 Tam
285 1438 386 1502 multa
406 1437 462 1500 illa
483 1458 554 1501 meo
577 1436 709 1501 divisast
729 1438 819 1501 milia
841 1437 933 1517 lecto,

227 1522 388 1599 Quantum
409 1520 555 1605 Hypanis
576 1520 700 1586 Veneto
724 1522 856 1586 dissidet
876 1521 1030 1605 Eridano,

156 1606 256 1671 oNec
278 1605 357 1670 mihi
379 1608 548 1670 consuetos
571 1608 720 1689 amplexu
741 1609 844 1670 nutrit
865 1627 987 1670 amores

228 1689 368 1774 Cynthia
388 1711 448 1754 nec
468 1693 579 1754 nostra
601 1690 702 1754 dulcis
723 1691 758 1755 in
780 1713 854 1754 aure
878 1692 979 1754 sonat.

185 1775 272 1841 Olim
294 1778 403 1859 gratus
426 1796 528 1838 eram:
551 1796 618 1839 non
639 1776 695 1838 illo
717 1777 860 1858 tempore
883 1775 1030 1858 cuiquam

228 1857 383 1944 Contigit,
405 1861 442 1923 ut
463 1860 559 1923 simili
581 1863 690 1943 posset
710 1881 815 1924 amare
836 1859 907 1923 fide.

185 1942 326 2008 Invidiae
348 1944 481 2008 fuimus:
510 1966 587 2008 num
609 1966 660 2008 me
682 1944 759 2008 deus
781 1944 909 2008 obruit?
938 1965 980 2007 an
1002 1965 1064 2028 qua

140 2043 171 2090 ιο
227 2028 326 2093 Lecta
345 2028 544 2093 Prometheis
567 2028 681 2092 dividit
702 2027 801 2093 herba
822 2028 928 2112 iugis?

184 2112 216 2179 N
218 2134 261 2179 on
276 2135 346 2178 sum
360 2135 420 2199 ego
434 2115 489 2196 qui
502 2114 638 2177 fueram:
653 2116 756 2177 mutat
769 2113 821 2177 via
834 2113 935 2196 longa
948 2112 1064 2196 puellas

227 2198 372 2274 Quantus
394 2199 429 2260 in
451 2199 566 2281 exiguo
587 2201 731 2280 tempore
752 2197 838 2280 fugit
858 2200 962 2260 amor!

185 2282 279 2348 Nunc
300 2283 438 2366 primum
459 2282 573 2365 longas
595 2281 682 2344 solus
704 2302 896 2365 cognoscere
918 2284 1029 2345 noctes

229 2367 333 2451 Cogor
355 2369 388 2430 et
408 2368 477 2448 ipse
498 2365 578 2428 meis
601 2366 729 2429 auribus
752 2386 820 2428 esse
882 2366 960 2430 avie.

136 2462 169 2514 15
183 2451 282 2534 Felix,
306 2450 361 2533 qui
381 2450 487 2533 potuit
507 2449 667 2533 praesenti
687 2449 763 2513 flere
784 2471 845 2533 pue
859 2450 923 2514 lae:

227 2535 301 2600 Non
324 2533 406 2598 nihil
450 2535 586 2618 aspersis
608 2534 726 2617 gaudet
746 2535 849 2598 Amor
870 2534 1024 2621 lacrimis3

184 2621 252 2684 Aut
274 2621 301 2683 si
323 2619 489 2702 despectus
511 2619 617 2703 potuit
637 2623 760 2683 mutare
782 2619 919 2684 calores:

225 2703 310 2770 Sunt
329 2724 454 2787 quoque
475 2704 631 2767 translato
652 2703 769 2788 gaudia
790 2703 929 2768 servitiu.

184 2787 232 2854 Mi
246 2810 349 2872 neque
369 2809 475 2852 amare
495 2788 591 2852 aliam
605 2810 708 2871 neque
722 2788 763 2852 ab
783 2786 843 2852 hac
860 2787 1012 2853 desistere
1031 2789 1064 2855 fa

730 2877 794 2937 est:
821 2914 823 2917 ·

133 2968 170 3024 2⁰
226 2958 366 3045 Cynthia
385 2958 489 3041 prima
509 2957 580 3041 fuit,
603 2956 743 3040 Cynthia
763 2958 836 3021 finis
859 2959 928 3022 erit.

525 3090 677 3098 -———-

551 3172 648 3247 ΧΙΠ.

185 3295 243 3379 Tu,
286 3296 349 3361 uod
371 3318 464 3380 saepe
487 3298 579 3379 soles,
601 3301 712 3360 nostro
734 3297 891 3361 laetabere
914 3318 998 3380 casu,

229 3319 329 3464 uile,
352 3381 438 3465 quod
460 3380 590 3464 abrepto
614 3382 700 3445 solus
723 3402 830 3446 amore
850 3402 970 3446 vacem.

185 3467 232 3532 At
252 3487 319 3530 non
340 3466 409 3550 ipse
429 3468 501 3529 tuas
522 3466 681 3549 imitabor,
704 3465 832 3548 perfide,
854 3488 963 3531 voces:

228 3551 351 3617 Fallere
372 3553 405 3614 te
425 3571 608 3635 numquam,
632 3550 732 3634 Galle,
754 3552 862 3635 puella
882 3552 968 3615 velit.
