<?xml version="1.0" encoding="UTF-8"?>
<!DOCTYPE html PUBLIC "-//W3C//DTD XHTML 1.0 Transitional//EN"
    "http://www.w3.org/TR/xhtml1/DTD/xhtml1-transitional.dtd">
<html xmlns="http://www.w3.org/1999/xhtml" xml:lang="en" lang="en">
 <head>
  <title>
</title>
<meta http-equiv="Content-Type" content="text/html;charset=utf-8" />
  <meta name='ocr-system' content='tesseract 3.04.00' />
  <meta name='ocr-capabilities' content='ocr_page ocr_carea ocr_par ocr_line ocrx_word'/>
</head>
<body>
  <div class='ocr_page' id='page_1' title='image "./sexrecensvitlvc00propgoog_0110.png"; bbox 0 0 2392 3990; ppageno 0'>
   <div class='ocr_carea' id='block_1_1' title="bbox 112 220 660 288">
    <p class='ocr_par' dir='ltr' id='par_1_1' title="bbox 112 220 660 288">
     <span class='ocr_line' id='line_1_1' title="bbox 112 220 660 288; baseline 0.009 -14"><span class='ocrx_word' id='word_1_1' title='bbox 112 220 179 288; x_wconf 85' lang='lat'>111.]</span> <span class='ocrx_word' id='word_1_2' title='bbox 500 223 607 277; x_wconf 85' lang='lat' dir='ltr'>LIBER</span> <span class='ocrx_word' id='word_1_3' title='bbox 629 223 660 282; x_wconf 90' lang='lat' dir='ltr'>V.</span> 
     </span>
    </p>
   </div>
   <div class='ocr_carea' id='block_1_2' title="bbox 70 381 1097 3595">
    <p class='ocr_par' dir='ltr' id='par_1_2' title="bbox 70 381 1097 3595">
     <span class='ocr_line' id='line_1_2' title="bbox 161 381 923 454; baseline 0.009 -9"><span class='ocrx_word' id='word_1_4' title='bbox 161 381 260 446; x_wconf 88' lang='lat' dir='ltr'>Lucis</span> <span class='ocrx_word' id='word_1_5' title='bbox 282 385 315 447; x_wconf 92' lang='lat' dir='ltr'>et</span> <span class='ocrx_word' id='word_1_6' title='bbox 336 386 481 448; x_wconf 76' lang='lat' dir='ltr'>auctores</span> <span class='ocrx_word' id='word_1_7' title='bbox 503 406 570 451; x_wconf 91' lang='lat' dir='ltr'>non</span> <span class='ocrx_word' id='word_1_8' title='bbox 592 385 667 450; x_wconf 90' lang='lat' dir='ltr'>dare</span> <span class='ocrx_word' id='word_1_9' title='bbox 690 406 817 450; x_wconf 87' lang='lat' dir='ltr'>carmen</span> <span class='ocrx_word' id='word_1_10' title='bbox 840 408 923 454; x_wconf 86' lang='lat' dir='ltr'>aves.</span> 
     </span>
     <span class='ocr_line' id='line_1_3' title="bbox 114 466 894 553; baseline 0.001 -19"><span class='ocrx_word' id='word_1_11' title='bbox 114 466 280 534; x_wconf 80' lang='lat' dir='ltr'><strong>Noctibus</strong></span> <span class='ocrx_word' id='word_1_12' title='bbox 302 467 445 532; x_wconf 90' lang='lat' dir='ltr'>hibernis</span> <span class='ocrx_word' id='word_1_13' title='bbox 468 470 642 533; x_wconf 86' lang='lat' dir='ltr'>castrensia</span> <span class='ocrx_word' id='word_1_14' title='bbox 662 491 763 553; x_wconf 87' lang='lat' dir='ltr'>pensa</span> <span class='ocrx_word' id='word_1_15' title='bbox 783 471 894 535; x_wconf 90' lang='lat' dir='ltr'>laboro</span> 
     </span>
     <span class='ocr_line' id='line_1_4' title="bbox 162 551 864 638; baseline 0.006 -22"><span class='ocrx_word' id='word_1_16' title='bbox 162 551 209 616; x_wconf 83' lang='lat' dir='ltr'>Et</span> <span class='ocrx_word' id='word_1_17' title='bbox 229 551 327 635; x_wconf 82' lang='lat' dir='ltr'>Tyria</span> <span class='ocrx_word' id='word_1_18' title='bbox 346 551 382 616; x_wconf 94' lang='lat' dir='ltr'>in</span> <span class='ocrx_word' id='word_1_19' title='bbox 402 553 509 618; x_wconf 88' lang='lat' dir='ltr'>radios</span> <span class='ocrx_word' id='word_1_20' title='bbox 531 554 649 618; x_wconf 87' lang='lat' dir='ltr'>vellera</span> <span class='ocrx_word' id='word_1_21' title='bbox 671 557 758 619; x_wconf 85' lang='lat' dir='ltr'>secta</span> <span class='ocrx_word' id='word_1_22' title='bbox 780 577 864 638; x_wconf 89' lang='lat' dir='ltr'>snos,</span> 
     </span>
     <span class='ocr_line' id='line_1_5' title="bbox 112 634 1088 722; baseline 0.002 -20"><span class='ocrx_word' id='word_1_23' title='bbox 112 635 164 702; x_wconf 86' lang='lat' dir='ltr'>Et</span> <span class='ocrx_word' id='word_1_24' title='bbox 186 634 275 700; x_wconf 91' lang='lat' dir='ltr'>disco</span> <span class='ocrx_word' id='word_1_25' title='bbox 281 685 290 718; x_wconf 91' lang='lat'><em>‚</em></span> <span class='ocrx_word' id='word_1_26' title='bbox 314 657 376 720; x_wconf 88' lang='lat' dir='ltr'>qua</span> <span class='ocrx_word' id='word_1_27' title='bbox 398 641 489 722; x_wconf 86' lang='lat' dir='ltr'>parte</span> <span class='ocrx_word' id='word_1_28' title='bbox 511 637 590 702; x_wconf 88' lang='lat' dir='ltr'>fluat</span> <span class='ocrx_word' id='word_1_29' title='bbox 610 639 785 703; x_wconf 87' lang='lat' dir='ltr'>vincendus</span> <span class='ocrx_word' id='word_1_30' title='bbox 806 641 945 717; x_wconf 82' lang='lat' dir='ltr'><strong>Araxes,</strong></span> <span class='ocrx_word' id='word_1_31' title='bbox 1055 651 1088 703; x_wconf 72' lang='lat'>35</span> 
     </span>
     <span class='ocr_line' id='line_1_6' title="bbox 164 719 981 809; baseline 0.006 -26"><span class='ocrx_word' id='word_1_32' title='bbox 164 719 253 796; x_wconf 81' lang='lat' dir='ltr'>Quot</span> <span class='ocrx_word' id='word_1_33' title='bbox 274 721 343 785; x_wconf 87' lang='lat' dir='ltr'>sinc</span> <span class='ocrx_word' id='word_1_34' title='bbox 365 743 447 804; x_wconf 90' lang='lat' dir='ltr'>aqua</span> <span class='ocrx_word' id='word_1_35' title='bbox 468 721 607 787; x_wconf 87' lang='lat' dir='ltr'>Parthus</span> <span class='ocrx_word' id='word_1_36' title='bbox 634 723 723 787; x_wconf 89' lang='lat' dir='ltr'>milia</span> <span class='ocrx_word' id='word_1_37' title='bbox 745 728 851 788; x_wconf 90' lang='lat' dir='ltr'>currat</span> <span class='ocrx_word' id='word_1_38' title='bbox 873 746 981 809; x_wconf 88' lang='lat' dir='ltr'>equus,</span> 
     </span>
     <span class='ocr_line' id='line_1_7' title="bbox 115 805 913 892; baseline 0 -20"><span class='ocrx_word' id='word_1_39' title='bbox 115 805 166 872; x_wconf 80' lang='lat' dir='ltr'>Co</span> <span class='ocrx_word' id='word_1_40' title='bbox 193 807 285 873; x_wconf 83' lang='lat' dir='ltr'>oret</span> <span class='ocrx_word' id='word_1_41' title='bbox 307 826 324 868; x_wconf 95' lang='lat' dir='ltr'>e</span> <span class='ocrx_word' id='word_1_42' title='bbox 345 806 454 870; x_wconf 86' lang='lat' dir='ltr'>tabula</span> <span class='ocrx_word' id='word_1_43' title='bbox 476 807 580 889; x_wconf 91' lang='lat' dir='ltr'>pictos</span> <span class='ocrx_word' id='word_1_44' title='bbox 603 806 743 871; x_wconf 84' lang='lat' dir='ltr'>ediscere</span> <span class='ocrx_word' id='word_1_45' title='bbox 764 809 913 892; x_wconf 85' lang='lat' dir='ltr'>mundos,</span> 
     </span>
     <span class='ocr_line' id='line_1_8' title="bbox 162 827 852 975; baseline 0.006 -23"><span class='ocrx_word' id='word_1_46' title='bbox 162 827 273 965; x_wconf 63' lang='lat' dir='ltr'>dualis</span> <span class='ocrx_word' id='word_1_47' title='bbox 296 889 428 954; x_wconf 86' lang='lat' dir='ltr'>ethaeo</span> <span class='ocrx_word' id='word_1_48' title='bbox 450 890 536 955; x_wconf 91' lang='lat' dir='ltr'>docti</span> <span class='ocrx_word' id='word_1_49' title='bbox 558 892 600 955; x_wconf 88' lang='lat' dir='ltr'>sit</span> <span class='ocrx_word' id='word_1_50' title='bbox 621 892 766 975; x_wconf 90' lang='lat' dir='ltr'>positura</span> <span class='ocrx_word' id='word_1_51' title='bbox 787 893 852 975; x_wconf 88' lang='lat' dir='ltr'>dei,</span> 
     </span>
     <span class='ocr_line' id='line_1_9' title="bbox 116 973 1031 1062; baseline 0.004 -24"><span class='ocrx_word' id='word_1_52' title='bbox 116 973 209 1050; x_wconf 85' lang='lat' dir='ltr'>Quae</span> <span class='ocrx_word' id='word_1_53' title='bbox 230 974 326 1038; x_wconf 89' lang='lat' dir='ltr'>tellus</span> <span class='ocrx_word' id='word_1_54' title='bbox 348 975 391 1038; x_wconf 88' lang='lat' dir='ltr'>sit</span> <span class='ocrx_word' id='word_1_55' title='bbox 411 974 499 1038; x_wconf 90' lang='lat' dir='ltr'>lenta</span> <span class='ocrx_word' id='word_1_56' title='bbox 520 976 612 1059; x_wconf 86' lang='lat' dir='ltr'>gelu,</span> <span class='ocrx_word' id='word_1_57' title='bbox 642 997 724 1060; x_wconf 90' lang='lat' dir='ltr'>quae</span> <span class='ocrx_word' id='word_1_58' title='bbox 744 978 847 1060; x_wconf 84' lang='lat' dir='ltr'>putris</span> <span class='ocrx_word' id='word_1_59' title='bbox 869 977 909 1041; x_wconf 94' lang='lat' dir='ltr'>ab</span> <span class='ocrx_word' id='word_1_60' title='bbox 933 980 1031 1062; x_wconf 76' lang='lat' dir='ltr'>aestu,</span> 
     </span>
     <span class='ocr_line' id='line_1_10' title="bbox 163 1058 1088 1143; baseline 0.002 -21"><span class='ocrx_word' id='word_1_61' title='bbox 163 1059 289 1122; x_wconf 90' lang='lat' dir='ltr'>Ventus</span> <span class='ocrx_word' id='word_1_62' title='bbox 310 1059 345 1121; x_wconf 93' lang='lat' dir='ltr'>in</span> <span class='ocrx_word' id='word_1_63' title='bbox 366 1058 493 1122; x_wconf 87' lang='lat' dir='ltr'>Italiam</span> <span class='ocrx_word' id='word_1_64' title='bbox 515 1061 570 1143; x_wconf 91' lang='lat' dir='ltr'>qui</span> <span class='ocrx_word' id='word_1_65' title='bbox 590 1060 672 1125; x_wconf 88' lang='lat' dir='ltr'>bene</span> <span class='ocrx_word' id='word_1_66' title='bbox 694 1061 765 1125; x_wconf 88' lang='lat' dir='ltr'>vela</span> <span class='ocrx_word' id='word_1_67' title='bbox 785 1063 877 1125; x_wconf 89' lang='lat' dir='ltr'>ferat.</span> <span class='ocrx_word' id='word_1_68' title='bbox 1054 1075 1088 1124; x_wconf 87' lang='lat'>40</span> 
     </span>
     <span class='ocr_line' id='line_1_11' title="bbox 118 1142 896 1229; baseline 0.001 -21"><span class='ocrx_word' id='word_1_69' title='bbox 118 1142 258 1208; x_wconf 84' lang='lat' dir='ltr'>Adsidet</span> <span class='ocrx_word' id='word_1_70' title='bbox 278 1164 344 1205; x_wconf 90' lang='lat' dir='ltr'>una</span> <span class='ocrx_word' id='word_1_71' title='bbox 366 1163 466 1226; x_wconf 88' lang='lat' dir='ltr'>soror,</span> <span class='ocrx_word' id='word_1_72' title='bbox 491 1144 574 1207; x_wconf 88' lang='lat' dir='ltr'>curis</span> <span class='ocrx_word' id='word_1_73' title='bbox 596 1147 629 1209; x_wconf 89' lang='lat' dir='ltr'>et</span> <span class='ocrx_word' id='word_1_74' title='bbox 649 1145 769 1229; x_wconf 87' lang='lat' dir='ltr'>pallida</span> <span class='ocrx_word' id='word_1_75' title='bbox 788 1146 896 1210; x_wconf 83' lang='lat' dir='ltr'>nutrix</span> 
     </span>
     <span class='ocr_line' id='line_1_12' title="bbox 163 1226 842 1311; baseline 0.003 -19"><span class='ocrx_word' id='word_1_76' title='bbox 163 1227 291 1292; x_wconf 87' lang='lat' dir='ltr'>Peierat</span> <span class='ocrx_word' id='word_1_77' title='bbox 311 1226 438 1291; x_wconf 84' lang='lat' dir='ltr'>hiberni</span> <span class='ocrx_word' id='word_1_78' title='bbox 458 1230 612 1311; x_wconf 88' lang='lat' dir='ltr'>temporis</span> <span class='ocrx_word' id='word_1_79' title='bbox 635 1251 704 1294; x_wconf 89' lang='lat' dir='ltr'>esse</span> <span class='ocrx_word' id='word_1_80' title='bbox 725 1251 842 1294; x_wconf 89' lang='lat' dir='ltr'>moras.</span> 
     </span>
     <span class='ocr_line' id='line_1_13' title="bbox 118 1311 886 1398; baseline 0 -20"><span class='ocrx_word' id='word_1_81' title='bbox 118 1311 213 1379; x_wconf 84' lang='lat' dir='ltr'>Felix</span> <span class='ocrx_word' id='word_1_82' title='bbox 234 1311 425 1396; x_wconf 74' lang='lat' dir='ltr'>Hippolyte!</span> <span class='ocrx_word' id='word_1_83' title='bbox 453 1312 540 1377; x_wconf 91' lang='lat' dir='ltr'>nuda</span> <span class='ocrx_word' id='word_1_84' title='bbox 562 1314 637 1378; x_wconf 91' lang='lat' dir='ltr'>tulit</span> <span class='ocrx_word' id='word_1_85' title='bbox 658 1336 747 1378; x_wconf 86' lang='lat' dir='ltr'>arma</span> <span class='ocrx_word' id='word_1_86' title='bbox 766 1315 886 1398; x_wconf 88' lang='lat' dir='ltr'>papilla</span> 
     </span>
     <span class='ocr_line' id='line_1_14' title="bbox 163 1395 827 1483; baseline 0.003 -23"><span class='ocrx_word' id='word_1_87' title='bbox 163 1395 210 1460; x_wconf 84' lang='lat' dir='ltr'>Et</span> <span class='ocrx_word' id='word_1_88' title='bbox 230 1397 312 1460; x_wconf 86' lang='lat' dir='ltr'>texit</span> <span class='ocrx_word' id='word_1_89' title='bbox 333 1397 426 1480; x_wconf 83' lang='lat' dir='ltr'>galea</span> <span class='ocrx_word' id='word_1_90' title='bbox 447 1397 583 1461; x_wconf 88' lang='lat' dir='ltr'>barbara</span> <span class='ocrx_word' id='word_1_91' title='bbox 604 1399 701 1463; x_wconf 92' lang='lat' dir='ltr'>molle</span> <span class='ocrx_word' id='word_1_92' title='bbox 724 1402 827 1483; x_wconf 90' lang='lat' dir='ltr'>capnt.</span> 
     </span>
     <span class='ocr_line' id='line_1_15' title="bbox 121 1480 1088 1567; baseline 0 -21"><span class='ocrx_word' id='word_1_93' title='bbox 121 1480 277 1546; x_wconf 89' lang='lat' dir='ltr'>Romanis</span> <span class='ocrx_word' id='word_1_94' title='bbox 299 1481 422 1544; x_wconf 87' lang='lat' dir='ltr'>utinam</span> <span class='ocrx_word' id='word_1_95' title='bbox 444 1483 623 1566; x_wconf 89' lang='lat' dir='ltr'>patuissent</span> <span class='ocrx_word' id='word_1_96' title='bbox 645 1486 748 1547; x_wconf 86' lang='lat' dir='ltr'>castra</span> <span class='ocrx_word' id='word_1_97' title='bbox 769 1484 900 1567; x_wconf 85' lang='lat' dir='ltr'>puellisl</span> <span class='ocrx_word' id='word_1_98' title='bbox 1054 1496 1088 1546; x_wconf 75' lang='lat' dir='ltr'>lt</span> 
     </span>
     <span class='ocr_line' id='line_1_16' title="bbox 164 1564 778 1650; baseline 0.003 -21"><span class='ocrx_word' id='word_1_99' title='bbox 164 1564 281 1630; x_wconf 84' lang='lat' dir='ltr'>Essem</span> <span class='ocrx_word' id='word_1_100' title='bbox 302 1567 436 1630; x_wconf 90' lang='lat' dir='ltr'>militiae</span> <span class='ocrx_word' id='word_1_101' title='bbox 459 1568 584 1630; x_wconf 82' lang='lat' dir='ltr'>sarcina</span> <span class='ocrx_word' id='word_1_102' title='bbox 604 1567 668 1631; x_wconf 89' lang='lat' dir='ltr'>fida</span> <span class='ocrx_word' id='word_1_103' title='bbox 689 1571 778 1650; x_wconf 89' lang='lat' dir='ltr'>tuae,</span> 
     </span>
     <span class='ocr_line' id='line_1_17' title="bbox 120 1650 1036 1737; baseline 0.001 -22"><span class='ocrx_word' id='word_1_104' title='bbox 120 1650 193 1732; x_wconf 82' lang='lat' dir='ltr'>Neo</span> <span class='ocrx_word' id='word_1_105' title='bbox 213 1672 265 1715; x_wconf 88' lang='lat' dir='ltr'>me</span> <span class='ocrx_word' id='word_1_106' title='bbox 286 1650 450 1715; x_wconf 77' lang='lat' dir='ltr'>tardarent</span> <span class='ocrx_word' id='word_1_107' title='bbox 472 1650 622 1734; x_wconf 82' lang='lat' dir='ltr'>Scythiae</span> <span class='ocrx_word' id='word_1_108' title='bbox 643 1652 727 1737; x_wconf 84' lang='lat' dir='ltr'>iuga,</span> <span class='ocrx_word' id='word_1_109' title='bbox 751 1675 822 1716; x_wconf 88' lang='lat' dir='ltr'>cum</span> <span class='ocrx_word' id='word_1_110' title='bbox 843 1656 935 1736; x_wconf 89' lang='lat' dir='ltr'>pater</span> <span class='ocrx_word' id='word_1_111' title='bbox 956 1651 1036 1717; x_wconf 85' lang='lat' dir='ltr'>altas</span> 
     </span>
     <span class='ocr_line' id='line_1_18' title="bbox 166 1733 924 1821; baseline 0.004 -23"><span class='ocrx_word' id='word_1_112' title='bbox 166 1733 318 1799; x_wconf 86' lang='lat' dir='ltr'>Aetheris</span> <span class='ocrx_word' id='word_1_113' title='bbox 340 1736 375 1799; x_wconf 91' lang='lat' dir='ltr'>in</span> <span class='ocrx_word' id='word_1_114' title='bbox 395 1736 531 1820; x_wconf 82' lang='lat' dir='ltr'>glaciem</span> <span class='ocrx_word' id='word_1_115' title='bbox 553 1737 673 1820; x_wconf 85' lang='lat' dir='ltr'>frigore</span> <span class='ocrx_word' id='word_1_116' title='bbox 695 1739 797 1800; x_wconf 87' lang='lat' dir='ltr'>nectit</span> <span class='ocrx_word' id='word_1_117' title='bbox 817 1758 924 1821; x_wconf 90' lang='lat' dir='ltr'>aquas.</span> 
     </span>
     <span class='ocr_line' id='line_1_19' title="bbox 70 1819 1097 1906; baseline 0.002 -21"><span class='ocrx_word' id='word_1_118' title='bbox 70 1864 72 1897; x_wconf 45' lang='grc' dir='ltr'><strong><em>ρ</em></strong></span> <span class='ocrx_word' id='word_1_119' title='bbox 122 1819 238 1886; x_wconf 90' lang='lat' dir='ltr'>Omnis</span> <span class='ocrx_word' id='word_1_120' title='bbox 253 1840 342 1884; x_wconf 88' lang='lat' dir='ltr'>amor</span> <span class='ocrx_word' id='word_1_121' title='bbox 355 1842 507 1905; x_wconf 82' lang='lat' dir='ltr'>magnus,</span> <span class='ocrx_word' id='word_1_122' title='bbox 531 1820 587 1884; x_wconf 84' lang='lat' dir='ltr'>sed</span> <span class='ocrx_word' id='word_1_123' title='bbox 602 1824 712 1904; x_wconf 88' lang='lat' dir='ltr'>aperto</span> <span class='ocrx_word' id='word_1_124' title='bbox 728 1821 763 1884; x_wconf 91' lang='lat' dir='ltr'>in</span> <span class='ocrx_word' id='word_1_125' title='bbox 779 1822 915 1906; x_wconf 85' lang='lat' dir='ltr'>coniuge</span> <span class='ocrx_word' id='word_1_126' title='bbox 929 1822 1047 1889; x_wconf 82' lang='lat' dir='ltr'>maior:</span> <span class='ocrx_word' id='word_1_127' title='bbox 1094 1841 1097 1849; x_wconf 87' lang='lat'>·</span> 
     </span>
     <span class='ocr_line' id='line_1_20' title="bbox 165 1904 1086 1989; baseline 0 -21"><span class='ocrx_word' id='word_1_128' title='bbox 165 1904 260 1970; x_wconf 90' lang='lat' dir='ltr'>Hanc</span> <span class='ocrx_word' id='word_1_129' title='bbox 282 1905 407 1987; x_wconf 85' lang='lat' dir='ltr'>Venus,</span> <span class='ocrx_word' id='word_1_130' title='bbox 429 1908 466 1968; x_wconf 91' lang='lat' dir='ltr'>ut</span> <span class='ocrx_word' id='word_1_131' title='bbox 486 1905 588 1986; x_wconf 83' lang='lat' dir='ltr'>vivat,</span> <span class='ocrx_word' id='word_1_132' title='bbox 611 1906 746 1969; x_wconf 87' lang='lat' dir='ltr'>ventilat</span> <span class='ocrx_word' id='word_1_133' title='bbox 767 1907 838 1989; x_wconf 90' lang='lat' dir='ltr'>ipsa</span> <span class='ocrx_word' id='word_1_134' title='bbox 859 1907 972 1971; x_wconf 86' lang='lat' dir='ltr'>facem.</span> <span class='ocrx_word' id='word_1_135' title='bbox 1051 1919 1086 1968; x_wconf 78' lang='lat'>50</span> 
     </span>
     <span class='ocr_line' id='line_1_21' title="bbox 122 1988 1047 2075; baseline 0 -21"><span class='ocrx_word' id='word_1_136' title='bbox 122 1988 210 2054; x_wconf 87' lang='lat' dir='ltr'>Nam</span> <span class='ocrx_word' id='word_1_137' title='bbox 231 1988 311 2053; x_wconf 89' lang='lat' dir='ltr'>mihi</span> <span class='ocrx_word' id='word_1_138' title='bbox 332 1989 417 2072; x_wconf 78' lang='lat' dir='ltr'>quo?</span> <span class='ocrx_word' id='word_1_139' title='bbox 440 1989 557 2053; x_wconf 86' lang='lat' dir='ltr'>Poenis</span> <span class='ocrx_word' id='word_1_140' title='bbox 578 1989 639 2053; x_wconf 90' lang='lat' dir='ltr'>tibi</span> <span class='ocrx_word' id='word_1_141' title='bbox 658 2012 799 2073; x_wconf 86' lang='lat' dir='ltr'>purpura</span> <span class='ocrx_word' id='word_1_142' title='bbox 813 1991 938 2075; x_wconf 87' lang='lat' dir='ltr'>fulgeat</span> <span class='ocrx_word' id='word_1_143' title='bbox 952 1991 1047 2054; x_wconf 88' lang='lat' dir='ltr'>ostris</span> 
     </span>
     <span class='ocr_line' id='line_1_22' title="bbox 166 2072 921 2158; baseline -0.001 -18"><span class='ocrx_word' id='word_1_144' title='bbox 166 2072 405 2158; x_wconf 80' lang='lat' dir='ltr'>Crystallusquc</span> <span class='ocrx_word' id='word_1_145' title='bbox 425 2095 513 2137; x_wconf 91' lang='lat' dir='ltr'>meas</span> <span class='ocrx_word' id='word_1_146' title='bbox 541 2077 635 2138; x_wconf 90' lang='lat' dir='ltr'>ornet</span> <span class='ocrx_word' id='word_1_147' title='bbox 660 2095 779 2156; x_wconf 88' lang='lat' dir='ltr'>aquosa</span> <span class='ocrx_word' id='word_1_148' title='bbox 800 2096 921 2139; x_wconf 90' lang='lat' dir='ltr'>manus.</span> 
     </span>
     <span class='ocr_line' id='line_1_23' title="bbox 123 2158 983 2242; baseline 0 -18"><span class='ocrx_word' id='word_1_149' title='bbox 123 2158 241 2224; x_wconf 89' lang='lat' dir='ltr'>Omnia</span> <span class='ocrx_word' id='word_1_150' title='bbox 262 2159 358 2223; x_wconf 92' lang='lat' dir='ltr'>surda</span> <span class='ocrx_word' id='word_1_151' title='bbox 378 2161 501 2242; x_wconf 80' lang='lat' dir='ltr'>tacent,</span> <span class='ocrx_word' id='word_1_152' title='bbox 523 2159 665 2242; x_wconf 86' lang='lat' dir='ltr'>rarisque</span> <span class='ocrx_word' id='word_1_153' title='bbox 687 2159 818 2222; x_wconf 90' lang='lat' dir='ltr'>adsueta</span> <span class='ocrx_word' id='word_1_154' title='bbox 838 2159 983 2224; x_wconf 86' lang='lat' dir='ltr'>kalendis</span> 
     </span>
     <span class='ocr_line' id='line_1_24' title="bbox 166 2243 829 2327; baseline 0.003 -23"><span class='ocrx_word' id='word_1_155' title='bbox 166 2243 230 2307; x_wconf 86' lang='lat' dir='ltr'>Vix</span> <span class='ocrx_word' id='word_1_156' title='bbox 252 2244 357 2327; x_wconf 85' lang='lat' dir='ltr'>aperit</span> <span class='ocrx_word' id='word_1_157' title='bbox 379 2243 502 2307; x_wconf 89' lang='lat' dir='ltr'>clausos</span> <span class='ocrx_word' id='word_1_158' title='bbox 523 2265 588 2307; x_wconf 90' lang='lat' dir='ltr'>una</span> <span class='ocrx_word' id='word_1_159' title='bbox 608 2243 716 2327; x_wconf 88' lang='lat' dir='ltr'>puella</span> <span class='ocrx_word' id='word_1_160' title='bbox 737 2245 829 2325; x_wconf 84' lang='lat' dir='ltr'>lares,</span> 
     </span>
     <span class='ocr_line' id='line_1_25' title="bbox 123 2326 1089 2413; baseline 0 -20"><span class='ocrx_word' id='word_1_161' title='bbox 123 2326 296 2393; x_wconf 78' lang='lat' dir='ltr'>Glaucidos</span> <span class='ocrx_word' id='word_1_162' title='bbox 319 2330 352 2392; x_wconf 89' lang='lat' dir='ltr'>et</span> <span class='ocrx_word' id='word_1_163' title='bbox 366 2328 487 2391; x_wconf 90' lang='lat' dir='ltr'>catulae</span> <span class='ocrx_word' id='word_1_164' title='bbox 502 2350 564 2391; x_wconf 85' lang='lat' dir='ltr'>vox</span> <span class='ocrx_word' id='word_1_165' title='bbox 586 2331 636 2392; x_wconf 89' lang='lat' dir='ltr'>est</span> <span class='ocrx_word' id='word_1_166' title='bbox 656 2327 736 2392; x_wconf 91' lang='lat' dir='ltr'>mihi</span> <span class='ocrx_word' id='word_1_167' title='bbox 750 2333 842 2413; x_wconf 83' lang='lat' dir='ltr'>grata</span> <span class='ocrx_word' id='word_1_168' title='bbox 856 2327 1034 2413; x_wconf 82' lang='lat' dir='ltr'>querentis:</span> <span class='ocrx_word' id='word_1_169' title='bbox 1055 2337 1089 2393; x_wconf 76' lang='lat' dir='ltr'>to</span> 
     </span>
     <span class='ocr_line' id='line_1_26' title="bbox 165 2412 789 2496; baseline 0.002 -20"><span class='ocrx_word' id='word_1_170' title='bbox 165 2412 227 2476; x_wconf 90' lang='lat' dir='ltr'>llla</span> <span class='ocrx_word' id='word_1_171' title='bbox 248 2413 295 2475; x_wconf 91' lang='lat' dir='ltr'>tui</span> <span class='ocrx_word' id='word_1_172' title='bbox 316 2416 440 2496; x_wconf 84' lang='lat' dir='ltr'>partam</span> <span class='ocrx_word' id='word_1_173' title='bbox 464 2412 602 2476; x_wconf 87' lang='lat' dir='ltr'>vindicat</span> <span class='ocrx_word' id='word_1_174' title='bbox 623 2435 688 2476; x_wconf 91' lang='lat' dir='ltr'>una</span> <span class='ocrx_word' id='word_1_175' title='bbox 708 2418 789 2477; x_wconf 79' lang='lat' dir='ltr'>toro,</span> 
     </span>
     <span class='ocr_line' id='line_1_27' title="bbox 123 2497 915 2582; baseline 0 -20"><span class='ocrx_word' id='word_1_176' title='bbox 123 2497 218 2562; x_wconf 91' lang='lat' dir='ltr'>Flore</span> <span class='ocrx_word' id='word_1_177' title='bbox 241 2498 360 2560; x_wconf 87' lang='lat' dir='ltr'>sacella</span> <span class='ocrx_word' id='word_1_178' title='bbox 380 2501 475 2582; x_wconf 84' lang='lat' dir='ltr'>tego,</span> <span class='ocrx_word' id='word_1_179' title='bbox 497 2498 645 2561; x_wconf 89' lang='lat' dir='ltr'>verbenis</span> <span class='ocrx_word' id='word_1_180' title='bbox 668 2499 808 2581; x_wconf 90' lang='lat' dir='ltr'>compita</span> <span class='ocrx_word' id='word_1_181' title='bbox 829 2499 915 2581; x_wconf 84' lang='lat' dir='ltr'>velo,</span> 
     </span>
     <span class='ocr_line' id='line_1_28' title="bbox 165 2580 925 2649; baseline 0.003 -3"><span class='ocrx_word' id='word_1_182' title='bbox 165 2580 211 2646; x_wconf 83' lang='lat' dir='ltr'>Et</span> <span class='ocrx_word' id='word_1_183' title='bbox 231 2603 283 2646; x_wconf 88' lang='lat' dir='ltr'>ore</span> <span class='ocrx_word' id='word_1_184' title='bbox 307 2584 340 2644; x_wconf 93' lang='lat' dir='ltr'>at</span> <span class='ocrx_word' id='word_1_185' title='bbox 361 2580 401 2644; x_wconf 90' lang='lat' dir='ltr'>ad</span> <span class='ocrx_word' id='word_1_186' title='bbox 421 2584 544 2646; x_wconf 86' lang='lat' dir='ltr'>veteres</span> <span class='ocrx_word' id='word_1_187' title='bbox 565 2582 665 2646; x_wconf 90' lang='lat' dir='ltr'>herba</span> <span class='ocrx_word' id='word_1_188' title='bbox 688 2581 806 2647; x_wconf 85' lang='lat' dir='ltr'>Sabina</span> <span class='ocrx_word' id='word_1_189' title='bbox 826 2584 925 2649; x_wconf 84' lang='lat' dir='ltr'>focos.</span> 
     </span>
     <span class='ocr_line' id='line_1_29' title="bbox 123 2603 936 2753; baseline 0.001 -22"><span class='ocrx_word' id='word_1_190' title='bbox 123 2665 198 2732; x_wconf 80' lang='lat' dir='ltr'>Sive</span> <span class='ocrx_word' id='word_1_191' title='bbox 219 2667 256 2729; x_wconf 91' lang='lat' dir='ltr'>in</span> <span class='ocrx_word' id='word_1_192' title='bbox 276 2603 414 2729; x_wconf 56' lang='lat' dir='ltr'>initimo</span> <span class='ocrx_word' id='word_1_193' title='bbox 437 2667 559 2750; x_wconf 85' lang='lat' dir='ltr'>gemuit</span> <span class='ocrx_word' id='word_1_194' title='bbox 581 2669 671 2730; x_wconf 89' lang='lat' dir='ltr'>stans</span> <span class='ocrx_word' id='word_1_195' title='bbox 694 2671 811 2731; x_wconf 86' lang='lat' dir='ltr'>noctua</span> <span class='ocrx_word' id='word_1_196' title='bbox 833 2668 936 2753; x_wconf 65' lang='lat' dir='ltr'>tigna</span> 
     </span>
     <span class='ocr_line' id='line_1_30' title="bbox 168 2748 1089 2836; baseline -0.003 -21"><span class='ocrx_word' id='word_1_197' title='bbox 168 2748 231 2815; x_wconf 86' lang='lat' dir='ltr'>Seu</span> <span class='ocrx_word' id='word_1_198' title='bbox 252 2751 355 2814; x_wconf 90' lang='lat' dir='ltr'>voluit</span> <span class='ocrx_word' id='word_1_199' title='bbox 374 2752 466 2835; x_wconf 83' lang='lat' dir='ltr'>tangi</span> <span class='ocrx_word' id='word_1_200' title='bbox 487 2772 585 2834; x_wconf 87' lang='lat' dir='ltr'>parca</span> <span class='ocrx_word' id='word_1_201' title='bbox 605 2753 735 2816; x_wconf 87' lang='lat' dir='ltr'>lucerna</span> <span class='ocrx_word' id='word_1_202' title='bbox 755 2772 859 2836; x_wconf 87' lang='lat' dir='ltr'>mero,</span> <span class='ocrx_word' id='word_1_203' title='bbox 1056 2763 1089 2812; x_wconf 82' lang='lat' dir='ltr'>oo</span> 
     </span>
     <span class='ocr_line' id='line_1_31' title="bbox 122 2834 875 2920; baseline -0.001 -20"><span class='ocrx_word' id='word_1_204' title='bbox 122 2834 185 2900; x_wconf 91' lang='lat' dir='ltr'>Illa</span> <span class='ocrx_word' id='word_1_205' title='bbox 207 2834 274 2899; x_wconf 90' lang='lat' dir='ltr'>dies</span> <span class='ocrx_word' id='word_1_206' title='bbox 295 2834 406 2898; x_wconf 87' lang='lat' dir='ltr'>hornis</span> <span class='ocrx_word' id='word_1_207' title='bbox 430 2836 557 2899; x_wconf 86' lang='lat' dir='ltr'>caedem</span> <span class='ocrx_word' id='word_1_208' title='bbox 579 2836 746 2900; x_wconf 89' lang='lat' dir='ltr'>denuntiat</span> <span class='ocrx_word' id='word_1_209' title='bbox 768 2837 875 2920; x_wconf 86' lang='lat' dir='ltr'>agnis,</span> 
     </span>
     <span class='ocr_line' id='line_1_32' title="bbox 168 2917 931 3068; baseline -0.003 -83"><span class='ocrx_word' id='word_1_210' title='bbox 168 2917 391 3002; x_wconf 66' lang='lat' dir='ltr'>succinctique</span> <span class='ocrx_word' id='word_1_211' title='bbox 414 2921 521 2984; x_wconf 87' lang='lat' dir='ltr'>calent</span> <span class='ocrx_word' id='word_1_212' title='bbox 542 2922 582 2984; x_wconf 91' lang='lat' dir='ltr'>ad</span> <span class='ocrx_word' id='word_1_213' title='bbox 603 2941 688 2984; x_wconf 87' lang='lat' dir='ltr'>nova</span> <span class='ocrx_word' id='word_1_214' title='bbox 709 2921 797 2984; x_wconf 91' lang='lat' dir='ltr'>lucra</span> <span class='ocrx_word' id='word_1_215' title='bbox 811 2942 931 3068; x_wconf 72' lang='lat' dir='ltr'>Ipopae.</span> 
     </span>
     <span class='ocr_line' id='line_1_33' title="bbox 123 3003 945 3088; baseline -0.004 -17"><span class='ocrx_word' id='word_1_216' title='bbox 123 3003 190 3087; x_wconf 82' lang='lat' dir='ltr'>Ne,</span> <span class='ocrx_word' id='word_1_217' title='bbox 212 3024 335 3088; x_wconf 83' lang='lat' dir='ltr'>precor,</span> <span class='ocrx_word' id='word_1_218' title='bbox 357 3006 497 3068; x_wconf 86' lang='lat' dir='ltr'>ascensis</span> <span class='ocrx_word' id='word_1_219' title='bbox 518 3005 602 3068; x_wconf 89' lang='lat' dir='ltr'>tanti</span> <span class='ocrx_word' id='word_1_220' title='bbox 623 3005 666 3068; x_wconf 90' lang='lat' dir='ltr'>sit</span> <span class='ocrx_word' id='word_1_221' title='bbox 686 3004 790 3088; x_wconf 86' lang='lat' dir='ltr'>gloria</span> <span class='ocrx_word' id='word_1_222' title='bbox 841 3005 945 3088; x_wconf 87' lang='lat' dir='ltr'>actris,</span> 
     </span>
     <span class='ocr_line' id='line_1_34' title="bbox 166 3088 817 3171; baseline -0.002 -19"><span class='ocrx_word' id='word_1_223' title='bbox 166 3088 310 3171; x_wconf 87' lang='lat' dir='ltr'>Raptave</span> <span class='ocrx_word' id='word_1_224' title='bbox 332 3089 466 3152; x_wconf 89' lang='lat' dir='ltr'>odorato</span> <span class='ocrx_word' id='word_1_225' title='bbox 490 3090 620 3153; x_wconf 88' lang='lat' dir='ltr'>carbasa</span> <span class='ocrx_word' id='word_1_226' title='bbox 641 3089 708 3152; x_wconf 89' lang='lat' dir='ltr'>lina</span> <span class='ocrx_word' id='word_1_227' title='bbox 729 3089 817 3171; x_wconf 88' lang='lat' dir='ltr'>duci,</span> 
     </span>
     <span class='ocr_line' id='line_1_35' title="bbox 123 3172 1089 3259; baseline -0.005 -20"><span class='ocrx_word' id='word_1_228' title='bbox 123 3173 279 3239; x_wconf 87' lang='lat' dir='ltr'>Plumbea</span> <span class='ocrx_word' id='word_1_229' title='bbox 300 3194 372 3238; x_wconf 91' lang='lat' dir='ltr'>cum</span> <span class='ocrx_word' id='word_1_230' title='bbox 393 3176 497 3237; x_wconf 89' lang='lat' dir='ltr'>tortae</span> <span class='ocrx_word' id='word_1_231' title='bbox 519 3176 713 3258; x_wconf 87' lang='lat' dir='ltr'>sparguntur</span> <span class='ocrx_word' id='word_1_232' title='bbox 734 3174 875 3257; x_wconf 85' lang='lat' dir='ltr'>pondera</span> <span class='ocrx_word' id='word_1_233' title='bbox 896 3172 1023 3259; x_wconf 88' lang='lat' dir='ltr'>fundae,</span> <span class='ocrx_word' id='word_1_234' title='bbox 1057 3186 1089 3235; x_wconf 75' lang='lat'>05</span> 
     </span>
     <span class='ocr_line' id='line_1_36' title="bbox 168 3257 906 3341; baseline 0 -18"><span class='ocrx_word' id='word_1_235' title='bbox 168 3257 327 3323; x_wconf 86' lang='lat' dir='ltr'>Subdolus</span> <span class='ocrx_word' id='word_1_236' title='bbox 351 3261 383 3321; x_wconf 90' lang='lat' dir='ltr'>et</span> <span class='ocrx_word' id='word_1_237' title='bbox 404 3258 503 3321; x_wconf 91' lang='lat' dir='ltr'>versis</span> <span class='ocrx_word' id='word_1_238' title='bbox 526 3259 673 3341; x_wconf 85' lang='lat' dir='ltr'>increpat</span> <span class='ocrx_word' id='word_1_239' title='bbox 693 3280 784 3322; x_wconf 86' lang='lat' dir='ltr'>arcus</span> <span class='ocrx_word' id='word_1_240' title='bbox 808 3259 906 3341; x_wconf 78' lang='lat' dir='ltr'>equis</span> 
     </span>
     <span class='ocr_line' id='line_1_37' title="bbox 124 3341 964 3427; baseline 0.002 -20"><span class='ocrx_word' id='word_1_241' title='bbox 124 3343 186 3408; x_wconf 85' lang='lat' dir='ltr'>Sed</span> <span class='ocrx_word' id='word_1_242' title='bbox 210 3344 279 3427; x_wconf 88' lang='lat' dir='ltr'>(tua</span> <span class='ocrx_word' id='word_1_243' title='bbox 301 3343 346 3406; x_wconf 88' lang='lat' dir='ltr'>sic</span> <span class='ocrx_word' id='word_1_244' title='bbox 370 3341 499 3406; x_wconf 89' lang='lat' dir='ltr'>domitis</span> <span class='ocrx_word' id='word_1_245' title='bbox 521 3341 659 3406; x_wconf 88' lang='lat' dir='ltr'>Parthae</span> <span class='ocrx_word' id='word_1_246' title='bbox 679 3343 802 3407; x_wconf 90' lang='lat' dir='ltr'>telluris</span> <span class='ocrx_word' id='word_1_247' title='bbox 825 3343 964 3410; x_wconf 82' lang='lat' dir='ltr'>alumnis</span> 
     </span>
     <span class='ocr_line' id='line_1_38' title="bbox 166 3425 923 3515; baseline 0.001 -24"><span class='ocrx_word' id='word_1_248' title='bbox 166 3426 251 3491; x_wconf 90' lang='lat' dir='ltr'>Pura</span> <span class='ocrx_word' id='word_1_249' title='bbox 272 3427 504 3509; x_wconf 85' lang='lat' dir='ltr'>triumphantes</span> <span class='ocrx_word' id='word_1_250' title='bbox 524 3425 618 3490; x_wconf 89' lang='lat' dir='ltr'>hasta</span> <span class='ocrx_word' id='word_1_251' title='bbox 639 3431 789 3510; x_wconf 88' lang='lat' dir='ltr'>sequatur</span> <span class='ocrx_word' id='word_1_252' title='bbox 811 3429 923 3515; x_wconf 87' lang='lat' dir='ltr'>equos)</span> 
     </span>
     <span class='ocr_line' id='line_1_39' title="bbox 124 3512 831 3595; baseline -0.001 -18"><span class='ocrx_word' id='word_1_253' title='bbox 124 3512 315 3595; x_wconf 88' lang='lat' dir='ltr'>Incorrupta</span> <span class='ocrx_word' id='word_1_254' title='bbox 336 3512 400 3575; x_wconf 87' lang='lat' dir='ltr'>mei</span> <span class='ocrx_word' id='word_1_255' title='bbox 422 3533 575 3576; x_wconf 84' lang='lat' dir='ltr'>conserva</span> <span class='ocrx_word' id='word_1_256' title='bbox 596 3512 726 3576; x_wconf 86' lang='lat' dir='ltr'>foedera</span> <span class='ocrx_word' id='word_1_257' title='bbox 748 3513 831 3576; x_wconf 87' lang='lat' dir='ltr'>lecti.</span> 
     </span>
    </p>
   </div>
   <div class='ocr_carea' id='block_1_3' title="bbox 901 3609 939 3669">
    <p class='ocr_par' dir='ltr' id='par_1_3' title="bbox 901 3609 939 3669">
     <span class='ocr_line' id='line_1_40' title="bbox 901 3609 939 3669; baseline 0 -21"><span class='ocrx_word' id='word_1_258' title='bbox 901 3609 939 3669; x_wconf 64' lang='lat'>7*</span> 
     </span>
    </p>
   </div>
   <div class='ocr_carea' id='block_1_4' title="bbox 0 0 1210 3990">
    <p class='ocr_par' dir='ltr' id='par_1_4' title="bbox 0 0 1210 3990">
     <span class='ocr_line' id='line_1_41' title="bbox 0 0 1210 3990; baseline 0 0"><span class='ocrx_word' id='word_1_259' title='bbox 0 0 1210 3990; x_wconf 95' lang='lat' dir='ltr'> </span> 
     </span>
    </p>
   </div>
  </div>
 </body>
</html>
