<?xml version="1.0" encoding="UTF-8"?>
<!DOCTYPE html PUBLIC "-//W3C//DTD XHTML 1.0 Transitional//EN"
    "http://www.w3.org/TR/xhtml1/DTD/xhtml1-transitional.dtd">
<html xmlns="http://www.w3.org/1999/xhtml" xml:lang="en" lang="en">
 <head>
  <title>
</title>
<meta http-equiv="Content-Type" content="text/html;charset=utf-8" />
  <meta name='ocr-system' content='tesseract 3.04.00' />
  <meta name='ocr-capabilities' content='ocr_page ocr_carea ocr_par ocr_line ocrx_word'/>
</head>
<body>
  <div class='ocr_page' id='page_1' title='image "./sexrecensvitlvc00propgoog_0038.png"; bbox 0 0 2280 3998; ppageno 0'>
   <div class='ocr_carea' id='block_1_1' title="bbox 97 247 610 316">
    <p class='ocr_par' dir='ltr' id='par_1_1' title="bbox 97 247 610 316">
     <span class='ocr_line' id='line_1_1' title="bbox 97 247 610 316; baseline 0.002 -12"><span class='ocrx_word' id='word_1_1' title='bbox 97 247 100 316; x_wconf 75' lang='grc'><strong>1</strong></span> <span class='ocrx_word' id='word_1_2' title='bbox 447 248 554 304; x_wconf 82' lang='lat' dir='ltr'><strong>LIBER</strong></span> <span class='ocrx_word' id='word_1_3' title='bbox 575 249 610 305; x_wconf 86' lang='lat' dir='ltr'>IL</span> 
     </span>
    </p>
   </div>
   <div class='ocr_carea' id='block_1_2' title="bbox 97 410 816 580">
    <p class='ocr_par' dir='ltr' id='par_1_2' title="bbox 97 410 816 580">
     <span class='ocr_line' id='line_1_2' title="bbox 97 410 816 495; baseline 0.007 -24"><span class='ocrx_word' id='word_1_4' title='bbox 97 410 146 471; x_wconf 82' lang='lat' dir='ltr'>ter</span> <span class='ocrx_word' id='word_1_5' title='bbox 168 430 264 493; x_wconf 81' lang='lat' dir='ltr'>saepe</span> <span class='ocrx_word' id='word_1_6' title='bbox 287 433 351 474; x_wconf 93' lang='lat' dir='ltr'>uno</span> <span class='ocrx_word' id='word_1_7' title='bbox 374 414 477 475; x_wconf 87' lang='lat' dir='ltr'>mutat</span> <span class='ocrx_word' id='word_1_8' title='bbox 497 412 684 495; x_wconf 83' lang='lat' dir='ltr'>praecordia</span> <span class='ocrx_word' id='word_1_9' title='bbox 705 412 816 495; x_wconf 83' lang='lat' dir='ltr'>verbo,</span> 
     </span>
     <span class='ocr_line' id='line_1_3' title="bbox 100 493 775 580; baseline 0.003 -23"><span class='ocrx_word' id='word_1_10' title='bbox 100 493 209 557; x_wconf 83' lang='lat' dir='ltr'>Altera</span> <span class='ocrx_word' id='word_1_11' title='bbox 231 494 285 558; x_wconf 85' lang='lat' dir='ltr'>vix</span> <span class='ocrx_word' id='word_1_12' title='bbox 306 496 377 578; x_wconf 91' lang='lat' dir='ltr'>ipso</span> <span class='ocrx_word' id='word_1_13' title='bbox 400 498 555 580; x_wconf 84' lang='lat' dir='ltr'>sanguine</span> <span class='ocrx_word' id='word_1_14' title='bbox 577 497 684 560; x_wconf 88' lang='lat' dir='ltr'>mollis</span> <span class='ocrx_word' id='word_1_15' title='bbox 707 498 775 560; x_wconf 90' lang='lat' dir='ltr'>erit.</span> 
     </span>
    </p>
   </div>
   <div class='ocr_carea' id='block_1_3' title="bbox 461 643 613 654">
    <p class='ocr_par' dir='ltr' id='par_1_3' title="bbox 461 643 613 654">
     <span class='ocr_line' id='line_1_4' title="bbox 461 643 613 654; baseline -0.013 0"><span class='ocrx_word' id='word_1_16' title='bbox 461 643 613 654; x_wconf 80' lang='lat'>——-</span> 
     </span>
    </p>
   </div>
   <div class='ocr_carea' id='block_1_4' title="bbox 513 743 557 821">
    <p class='ocr_par' dir='ltr' id='par_1_4' title="bbox 513 743 557 821">
     <span class='ocr_line' id='line_1_5' title="bbox 513 743 557 821; baseline 0.068 -3"><span class='ocrx_word' id='word_1_17' title='bbox 513 743 557 821; x_wconf 88' lang='lat' dir='ltr'>V.</span> 
     </span>
    </p>
   </div>
   <div class='ocr_carea' id='block_1_5' title="bbox 97 866 1024 3402">
    <p class='ocr_par' dir='ltr' id='par_1_5' title="bbox 97 866 870 952">
     <span class='ocr_line' id='line_1_6' title="bbox 97 866 870 952; baseline 0.001 -23"><span class='ocrx_word' id='word_1_18' title='bbox 97 884 128 930; x_wconf 82' lang='lat' dir='ltr'>ou</span> <span class='ocrx_word' id='word_1_19' title='bbox 148 869 305 949; x_wconf 86' lang='lat' dir='ltr'>verumst,</span> <span class='ocrx_word' id='word_1_20' title='bbox 328 869 398 932; x_wconf 85' lang='lat' dir='ltr'>tota</span> <span class='ocrx_word' id='word_1_21' title='bbox 419 872 451 933; x_wconf 90' lang='lat' dir='ltr'>te</span> <span class='ocrx_word' id='word_1_22' title='bbox 473 869 564 952; x_wconf 83' lang='lat' dir='ltr'>ferri,</span> <span class='ocrx_word' id='word_1_23' title='bbox 588 866 742 950; x_wconf 84' lang='lat' dir='ltr'>Cynthia,</span> <span class='ocrx_word' id='word_1_24' title='bbox 767 866 870 930; x_wconf 87' lang='lat' dir='ltr'>Roma</span> 
     </span>
    </p>

    <p class='ocr_par' dir='ltr' id='par_1_6' title="bbox 104 948 675 1037">
     <span class='ocr_line' id='line_1_7' title="bbox 104 948 675 1037; baseline 0.004 -24"><span class='ocrx_word' id='word_1_25' title='bbox 104 948 143 1013; x_wconf 81' lang='lat' dir='ltr'>Et</span> <span class='ocrx_word' id='word_1_26' title='bbox 162 972 230 1015; x_wconf 91' lang='lat' dir='ltr'>non</span> <span class='ocrx_word' id='word_1_27' title='bbox 251 952 366 1037; x_wconf 82' lang='lat' dir='ltr'>ignota</span> <span class='ocrx_word' id='word_1_28' title='bbox 386 953 490 1017; x_wconf 86' lang='lat' dir='ltr'>vivere</span> <span class='ocrx_word' id='word_1_29' title='bbox 512 953 675 1036; x_wconf 77' lang='lat' dir='ltr'>nequitia?</span> 
     </span>
    </p>

    <p class='ocr_par' dir='ltr' id='par_1_7' title="bbox 97 1035 988 1205">
     <span class='ocr_line' id='line_1_8' title="bbox 97 1035 988 1120; baseline 0.001 -23"><span class='ocrx_word' id='word_1_30' title='bbox 97 1055 144 1098; x_wconf 86' lang='lat' dir='ltr'>aec</span> <span class='ocrx_word' id='word_1_31' title='bbox 164 1036 269 1099; x_wconf 87' lang='lat' dir='ltr'>merui</span> <span class='ocrx_word' id='word_1_32' title='bbox 290 1037 438 1120; x_wconf 82' lang='lat' dir='ltr'>sperare?</span> <span class='ocrx_word' id='word_1_33' title='bbox 462 1037 552 1101; x_wconf 88' lang='lat' dir='ltr'>dabis</span> <span class='ocrx_word' id='word_1_34' title='bbox 574 1035 669 1119; x_wconf 85' lang='lat' dir='ltr'>mihi,</span> <span class='ocrx_word' id='word_1_35' title='bbox 691 1035 827 1120; x_wconf 86' lang='lat' dir='ltr'>perfida,</span> <span class='ocrx_word' id='word_1_36' title='bbox 851 1056 988 1117; x_wconf 88' lang='lat' dir='ltr'>poenas:</span> 
     </span>
     <span class='ocr_line' id='line_1_9' title="bbox 104 1117 806 1205; baseline 0 -22"><span class='ocrx_word' id='word_1_37' title='bbox 104 1117 142 1182; x_wconf 80' lang='lat' dir='ltr'>Et</span> <span class='ocrx_word' id='word_1_38' title='bbox 161 1119 257 1184; x_wconf 85' lang='lat' dir='ltr'>nobis</span> <span class='ocrx_word' id='word_1_39' title='bbox 279 1121 401 1204; x_wconf 85' lang='lat' dir='ltr'>aliquo,</span> <span class='ocrx_word' id='word_1_40' title='bbox 424 1119 579 1205; x_wconf 80' lang='lat' dir='ltr'>Cynthia,</span> <span class='ocrx_word' id='word_1_41' title='bbox 601 1124 714 1185; x_wconf 87' lang='lat' dir='ltr'>ventus</span> <span class='ocrx_word' id='word_1_42' title='bbox 738 1120 806 1184; x_wconf 89' lang='lat' dir='ltr'>erit.</span> 
     </span>
    </p>

    <p class='ocr_par' dir='ltr' id='par_1_8' title="bbox 97 1204 1022 1370">
     <span class='ocr_line' id='line_1_10' title="bbox 97 1204 1022 1287; baseline 0.001 -23"><span class='ocrx_word' id='word_1_43' title='bbox 97 1204 222 1268; x_wconf 79' lang='lat' dir='ltr'>ueniam</span> <span class='ocrx_word' id='word_1_44' title='bbox 243 1207 352 1269; x_wconf 85' lang='lat' dir='ltr'>tamen</span> <span class='ocrx_word' id='word_1_45' title='bbox 375 1227 391 1269; x_wconf 93' lang='lat' dir='ltr'>e</span> <span class='ocrx_word' id='word_1_46' title='bbox 413 1206 522 1270; x_wconf 89' lang='lat' dir='ltr'>multis</span> <span class='ocrx_word' id='word_1_47' title='bbox 543 1206 710 1269; x_wconf 80' lang='lat' dir='ltr'><strong>fallacibus</strong></span> <span class='ocrx_word' id='word_1_48' title='bbox 732 1226 845 1287; x_wconf 90' lang='lat' dir='ltr'>unam,</span> <span class='ocrx_word' id='word_1_49' title='bbox 1005 1216 1022 1265; x_wconf 79' lang='lat' dir='ltr'>a</span> 
     </span>
     <span class='ocr_line' id='line_1_11' title="bbox 105 1285 786 1370; baseline 0 -19"><span class='ocrx_word' id='word_1_50' title='bbox 105 1285 185 1362; x_wconf 72' lang='lat' dir='ltr'>Quae</span> <span class='ocrx_word' id='word_1_51' title='bbox 207 1289 278 1353; x_wconf 89' lang='lat' dir='ltr'>fieri</span> <span class='ocrx_word' id='word_1_52' title='bbox 299 1292 410 1354; x_wconf 85' lang='lat' dir='ltr'>nostro</span> <span class='ocrx_word' id='word_1_53' title='bbox 434 1291 573 1354; x_wconf 81' lang='lat' dir='ltr'>crumina</span> <span class='ocrx_word' id='word_1_54' title='bbox 595 1293 673 1353; x_wconf 89' lang='lat' dir='ltr'>nota</span> <span class='ocrx_word' id='word_1_55' title='bbox 693 1289 786 1370; x_wconf 84' lang='lat' dir='ltr'>velit,</span> 
     </span>
    </p>

    <p class='ocr_par' dir='ltr' id='par_1_9' title="bbox 98 1371 848 1439">
     <span class='ocr_line' id='line_1_12' title="bbox 98 1371 848 1439; baseline 0.001 -5"><span class='ocrx_word' id='word_1_56' title='bbox 98 1391 126 1435; x_wconf 83' lang='lat' dir='ltr'>ec</span> <span class='ocrx_word' id='word_1_57' title='bbox 145 1371 226 1437; x_wconf 91' lang='lat' dir='ltr'>mihi</span> <span class='ocrx_word' id='word_1_58' title='bbox 246 1376 314 1438; x_wconf 88' lang='lat' dir='ltr'>tam</span> <span class='ocrx_word' id='word_1_59' title='bbox 336 1374 423 1438; x_wconf 87' lang='lat' dir='ltr'>duris</span> <span class='ocrx_word' id='word_1_60' title='bbox 445 1375 579 1439; x_wconf 89' lang='lat' dir='ltr'>insultet</span> <span class='ocrx_word' id='word_1_61' title='bbox 599 1373 740 1437; x_wconf 87' lang='lat' dir='ltr'>moribus</span> <span class='ocrx_word' id='word_1_62' title='bbox 763 1378 795 1436; x_wconf 89' lang='lat' dir='ltr'>et</span> <span class='ocrx_word' id='word_1_63' title='bbox 817 1377 848 1436; x_wconf 87' lang='lat' dir='ltr'>te</span> 
     </span>
    </p>

    <p class='ocr_par' dir='ltr' id='par_1_10' title="bbox 105 1453 754 1524">
     <span class='ocr_line' id='line_1_13' title="bbox 105 1453 754 1524; baseline 0.006 -4"><span class='ocrx_word' id='word_1_64' title='bbox 105 1453 250 1522; x_wconf 82' lang='lat' dir='ltr'>Velliaet:</span> <span class='ocrx_word' id='word_1_65' title='bbox 273 1457 337 1523; x_wconf 90' lang='lat' dir='ltr'>heu</span> <span class='ocrx_word' id='word_1_66' title='bbox 359 1480 429 1524; x_wconf 85' lang='lat' dir='ltr'>sero</span> <span class='ocrx_word' id='word_1_67' title='bbox 451 1459 542 1523; x_wconf 87' lang='lat' dir='ltr'>flebis</span> <span class='ocrx_word' id='word_1_68' title='bbox 565 1462 669 1522; x_wconf 87' lang='lat' dir='ltr'>amata</span> <span class='ocrx_word' id='word_1_69' title='bbox 690 1458 754 1524; x_wconf 89' lang='lat' dir='ltr'>diu.</span> 
     </span>
    </p>

    <p class='ocr_par' dir='ltr' id='par_1_11' title="bbox 98 1542 969 1627">
     <span class='ocr_line' id='line_1_14' title="bbox 98 1542 969 1627; baseline -0.001 -22"><span class='ocrx_word' id='word_1_70' title='bbox 98 1560 153 1606; x_wconf 86' lang='lat' dir='ltr'>une</span> <span class='ocrx_word' id='word_1_71' title='bbox 175 1545 226 1606; x_wconf 81' lang='lat' dir='ltr'>est</span> <span class='ocrx_word' id='word_1_72' title='bbox 246 1542 295 1606; x_wconf 86' lang='lat' dir='ltr'>ira</span> <span class='ocrx_word' id='word_1_73' title='bbox 315 1564 442 1627; x_wconf 83' lang='lat' dir='ltr'>reeens,</span> <span class='ocrx_word' id='word_1_74' title='bbox 464 1564 550 1607; x_wconf 88' lang='lat' dir='ltr'>nune</span> <span class='ocrx_word' id='word_1_75' title='bbox 573 1549 623 1607; x_wconf 90' lang='lat' dir='ltr'>est</span> <span class='ocrx_word' id='word_1_76' title='bbox 644 1542 805 1606; x_wconf 84' lang='lat' dir='ltr'>discedere</span> <span class='ocrx_word' id='word_1_77' title='bbox 827 1546 969 1626; x_wconf 89' lang='lat' dir='ltr'>tempus:</span> 
     </span>
    </p>

    <p class='ocr_par' dir='ltr' id='par_1_12' title="bbox 98 1622 1023 1795">
     <span class='ocr_line' id='line_1_15' title="bbox 105 1622 1023 1711; baseline -0.001 -23"><span class='ocrx_word' id='word_1_78' title='bbox 105 1622 135 1688; x_wconf 83' lang='lat' dir='ltr'>Si</span> <span class='ocrx_word' id='word_1_79' title='bbox 155 1625 248 1690; x_wconf 87' lang='lat' dir='ltr'>dolor</span> <span class='ocrx_word' id='word_1_80' title='bbox 269 1627 401 1711; x_wconf 83' lang='lat' dir='ltr'>afuerit,</span> <span class='ocrx_word' id='word_1_81' title='bbox 426 1628 532 1710; x_wconf 85' lang='lat' dir='ltr'>erede,</span> <span class='ocrx_word' id='word_1_82' title='bbox 554 1627 671 1691; x_wconf 78' lang='lat' dir='ltr'>redibit</span> <span class='ocrx_word' id='word_1_83' title='bbox 693 1648 791 1690; x_wconf 90' lang='lat' dir='ltr'>amor.</span> <span class='ocrx_word' id='word_1_84' title='bbox 991 1636 1023 1687; x_wconf 84' lang='lat'>10</span> 
     </span>
     <span class='ocr_line' id='line_1_16' title="bbox 98 1709 923 1795; baseline 0.004 -24"><span class='ocrx_word' id='word_1_85' title='bbox 98 1711 202 1774; x_wconf 87' lang='lat' dir='ltr'>onita</span> <span class='ocrx_word' id='word_1_86' title='bbox 224 1709 415 1795; x_wconf 74' lang='lat' dir='ltr'>Carpathiae</span> <span class='ocrx_word' id='word_1_87' title='bbox 437 1713 562 1775; x_wconf 85' lang='lat' dir='ltr'>variant</span> <span class='ocrx_word' id='word_1_88' title='bbox 582 1712 796 1795; x_wconf 85' lang='lat' dir='ltr'>Aquilonibus</span> <span class='ocrx_word' id='word_1_89' title='bbox 819 1709 923 1774; x_wconf 87' lang='lat' dir='ltr'>undae</span> 
     </span>
    </p>

    <p class='ocr_par' dir='ltr' id='par_1_13' title="bbox 104 1789 782 1878">
     <span class='ocr_line' id='line_1_17' title="bbox 104 1789 782 1878; baseline 0 -20"><span class='ocrx_word' id='word_1_90' title='bbox 104 1789 167 1859; x_wconf 83' lang='lat' dir='ltr'>Nee</span> <span class='ocrx_word' id='word_1_91' title='bbox 190 1794 287 1859; x_wconf 92' lang='lat' dir='ltr'>dubio</span> <span class='ocrx_word' id='word_1_92' title='bbox 309 1797 411 1861; x_wconf 88' lang='lat' dir='ltr'>nubes</span> <span class='ocrx_word' id='word_1_93' title='bbox 432 1797 567 1860; x_wconf 84' lang='lat' dir='ltr'>vertitur</span> <span class='ocrx_word' id='word_1_94' title='bbox 589 1801 658 1859; x_wconf 89' lang='lat' dir='ltr'>atra</span> <span class='ocrx_word' id='word_1_95' title='bbox 678 1794 710 1860; x_wconf 91' lang='lat' dir='ltr'>N</span> <span class='ocrx_word' id='word_1_96' title='bbox 713 1799 766 1859; x_wconf 87' lang='lat' dir='ltr'>oto</span> <span class='ocrx_word' id='word_1_97' title='bbox 772 1845 782 1878; x_wconf 80' lang='lat'><em>‚</em></span> 
     </span>
    </p>

    <p class='ocr_par' dir='ltr' id='par_1_14' title="bbox 97 1879 854 1944">
     <span class='ocr_line' id='line_1_18' title="bbox 97 1879 854 1944; baseline 0.007 -5"><span class='ocrx_word' id='word_1_98' title='bbox 97 1896 159 1942; x_wconf 86' lang='lat' dir='ltr'>uam</span> <span class='ocrx_word' id='word_1_99' title='bbox 179 1879 274 1944; x_wconf 81' lang='lat' dir='ltr'>facile</span> <span class='ocrx_word' id='word_1_100' title='bbox 296 1881 370 1944; x_wconf 85' lang='lat' dir='ltr'>irati</span> <span class='ocrx_word' id='word_1_101' title='bbox 391 1881 488 1944; x_wconf 87' lang='lat' dir='ltr'>verbo</span> <span class='ocrx_word' id='word_1_102' title='bbox 510 1884 676 1944; x_wconf 87' lang='lat' dir='ltr'>mutantur</span> <span class='ocrx_word' id='word_1_103' title='bbox 696 1883 854 1944; x_wconf 87' lang='lat' dir='ltr'>amantes:</span> 
     </span>
    </p>

    <p class='ocr_par' dir='ltr' id='par_1_15' title="bbox 104 1958 826 2048">
     <span class='ocr_line' id='line_1_19' title="bbox 104 1958 826 2048; baseline 0.003 -24"><span class='ocrx_word' id='word_1_104' title='bbox 104 1958 185 2028; x_wconf 89' lang='lat' dir='ltr'>Dum</span> <span class='ocrx_word' id='word_1_105' title='bbox 206 1964 298 2047; x_wconf 83' lang='lat' dir='ltr'>lieet,</span> <span class='ocrx_word' id='word_1_106' title='bbox 320 1965 440 2028; x_wconf 89' lang='lat' dir='ltr'>iniusto</span> <span class='ocrx_word' id='word_1_107' title='bbox 463 1963 613 2028; x_wconf 78' lang='lat' dir='ltr'>subtrahe</span> <span class='ocrx_word' id='word_1_108' title='bbox 636 1964 719 2029; x_wconf 87' lang='lat' dir='ltr'>eolla</span> <span class='ocrx_word' id='word_1_109' title='bbox 739 1965 826 2048; x_wconf 86' lang='lat' dir='ltr'>iugo.</span> 
     </span>
    </p>

    <p class='ocr_par' dir='ltr' id='par_1_16' title="bbox 97 2047 1023 2216">
     <span class='ocr_line' id='line_1_20' title="bbox 97 2047 1023 2132; baseline 0 -24"><span class='ocrx_word' id='word_1_110' title='bbox 97 2050 183 2112; x_wconf 82' lang='lat' dir='ltr'>ectu</span> <span class='ocrx_word' id='word_1_111' title='bbox 204 2069 273 2113; x_wconf 92' lang='lat' dir='ltr'>non</span> <span class='ocrx_word' id='word_1_112' title='bbox 294 2049 429 2132; x_wconf 81' lang='lat' dir='ltr'>aliquid,</span> <span class='ocrx_word' id='word_1_113' title='bbox 452 2048 508 2112; x_wconf 87' lang='lat' dir='ltr'>sed</span> <span class='ocrx_word' id='word_1_114' title='bbox 529 2049 634 2132; x_wconf 88' lang='lat' dir='ltr'>prima</span> <span class='ocrx_word' id='word_1_115' title='bbox 654 2051 764 2130; x_wconf 85' lang='lat' dir='ltr'>noete,</span> <span class='ocrx_word' id='word_1_116' title='bbox 788 2047 927 2114; x_wconf 84' lang='lat' dir='ltr'>dolebis:</span> <span class='ocrx_word' id='word_1_117' title='bbox 991 2061 1023 2109; x_wconf 77' lang='lat'>15</span> 
     </span>
     <span class='ocr_line' id='line_1_21' title="bbox 105 2130 886 2216; baseline 0.001 -21"><span class='ocrx_word' id='word_1_118' title='bbox 105 2130 203 2197; x_wconf 89' lang='lat' dir='ltr'>Omne</span> <span class='ocrx_word' id='word_1_119' title='bbox 224 2135 260 2196; x_wconf 90' lang='lat' dir='ltr'>in</span> <span class='ocrx_word' id='word_1_120' title='bbox 282 2155 390 2197; x_wconf 87' lang='lat' dir='ltr'>amore</span> <span class='ocrx_word' id='word_1_121' title='bbox 411 2134 544 2215; x_wconf 86' lang='lat' dir='ltr'>malum,</span> <span class='ocrx_word' id='word_1_122' title='bbox 568 2135 595 2197; x_wconf 88' lang='lat' dir='ltr'>si</span> <span class='ocrx_word' id='word_1_123' title='bbox 616 2133 754 2216; x_wconf 88' lang='lat' dir='ltr'>patiare,</span> <span class='ocrx_word' id='word_1_124' title='bbox 777 2132 886 2196; x_wconf 87' lang='lat' dir='ltr'>levest</span> 
     </span>
    </p>

    <p class='ocr_par' dir='ltr' id='par_1_17' title="bbox 97 2215 784 2302">
     <span class='ocr_line' id='line_1_22' title="bbox 97 2215 784 2302; baseline 0.006 -26"><span class='ocrx_word' id='word_1_125' title='bbox 97 2215 159 2282; x_wconf 90' lang='lat' dir='ltr'>ttu</span> <span class='ocrx_word' id='word_1_126' title='bbox 179 2239 239 2302; x_wconf 87' lang='lat' dir='ltr'>per</span> <span class='ocrx_word' id='word_1_127' title='bbox 261 2217 408 2282; x_wconf 89' lang='lat' dir='ltr'>dominae</span> <span class='ocrx_word' id='word_1_128' title='bbox 430 2217 563 2283; x_wconf 87' lang='lat' dir='ltr'>Iunonis</span> <span class='ocrx_word' id='word_1_129' title='bbox 586 2217 692 2282; x_wconf 85' lang='lat' dir='ltr'>dulcia</span> <span class='ocrx_word' id='word_1_130' title='bbox 713 2217 784 2280; x_wconf 89' lang='lat' dir='ltr'>iura</span> 
     </span>
    </p>

    <p class='ocr_par' dir='ltr' id='par_1_18' title="bbox 104 2297 770 2386">
     <span class='ocr_line' id='line_1_23' title="bbox 104 2297 770 2386; baseline 0.002 -23"><span class='ocrx_word' id='word_1_131' title='bbox 104 2297 197 2367; x_wconf 83' lang='lat' dir='ltr'>Parce</span> <span class='ocrx_word' id='word_1_132' title='bbox 219 2303 284 2366; x_wconf 88' lang='lat' dir='ltr'>tuis</span> <span class='ocrx_word' id='word_1_133' title='bbox 307 2303 422 2366; x_wconf 86' lang='lat' dir='ltr'>animis</span> <span class='ocrx_word' id='word_1_134' title='bbox 429 2351 438 2386; x_wconf 86' lang='lat'><em>,</em></span> <span class='ocrx_word' id='word_1_135' title='bbox 462 2303 541 2385; x_wconf 85' lang='lat' dir='ltr'>vita,</span> <span class='ocrx_word' id='word_1_136' title='bbox 563 2323 679 2366; x_wconf 87' lang='lat' dir='ltr'>nocere</span> <span class='ocrx_word' id='word_1_137' title='bbox 701 2300 770 2364; x_wconf 90' lang='lat' dir='ltr'>tibi.</span> 
     </span>
    </p>

    <p class='ocr_par' dir='ltr' id='par_1_19' title="bbox 97 2385 1023 2639">
     <span class='ocr_line' id='line_1_24' title="bbox 97 2385 936 2470; baseline 0.005 -24"><span class='ocrx_word' id='word_1_138' title='bbox 97 2402 134 2448; x_wconf 90' lang='lat' dir='ltr'>on</span> <span class='ocrx_word' id='word_1_139' title='bbox 154 2387 260 2450; x_wconf 84' lang='lat' dir='ltr'>solum</span> <span class='ocrx_word' id='word_1_140' title='bbox 280 2391 390 2450; x_wconf 87' lang='lat' dir='ltr'>taurus</span> <span class='ocrx_word' id='word_1_141' title='bbox 412 2387 488 2451; x_wconf 88' lang='lat' dir='ltr'>ferit</span> <span class='ocrx_word' id='word_1_142' title='bbox 508 2389 599 2451; x_wconf 88' lang='lat' dir='ltr'>uncis</span> <span class='ocrx_word' id='word_1_143' title='bbox 621 2386 772 2451; x_wconf 80' lang='lat' dir='ltr'>cornibus</span> <span class='ocrx_word' id='word_1_144' title='bbox 793 2385 936 2470; x_wconf 86' lang='lat' dir='ltr'>hostem,</span> 
     </span>
     <span class='ocr_line' id='line_1_25' title="bbox 104 2465 1023 2556; baseline -0.001 -25"><span class='ocrx_word' id='word_1_145' title='bbox 104 2465 219 2534; x_wconf 87' lang='lat' dir='ltr'>Verum</span> <span class='ocrx_word' id='word_1_146' title='bbox 242 2472 339 2535; x_wconf 88' lang='lat' dir='ltr'>etiam</span> <span class='ocrx_word' id='word_1_147' title='bbox 360 2471 495 2535; x_wconf 89' lang='lat' dir='ltr'>instanti</span> <span class='ocrx_word' id='word_1_148' title='bbox 515 2472 602 2535; x_wconf 87' lang='lat' dir='ltr'>laesa</span> <span class='ocrx_word' id='word_1_149' title='bbox 622 2473 782 2556; x_wconf 85' lang='lat' dir='ltr'>repugnat</span> <span class='ocrx_word' id='word_1_150' title='bbox 803 2471 881 2534; x_wconf 87' lang='lat' dir='ltr'>ovis.</span> <span class='ocrx_word' id='word_1_151' title='bbox 989 2482 1023 2530; x_wconf 77' lang='lat'>20</span> 
     </span>
     <span class='ocr_line' id='line_1_26' title="bbox 97 2554 897 2639; baseline 0.001 -23"><span class='ocrx_word' id='word_1_152' title='bbox 97 2571 128 2618; x_wconf 85' lang='lat' dir='ltr'>ee</span> <span class='ocrx_word' id='word_1_153' title='bbox 147 2554 208 2619; x_wconf 89' lang='lat' dir='ltr'>tibi</span> <span class='ocrx_word' id='word_1_154' title='bbox 229 2557 356 2639; x_wconf 82' lang='lat' dir='ltr'>periuro</span> <span class='ocrx_word' id='word_1_155' title='bbox 380 2556 523 2619; x_wconf 80' lang='lat' dir='ltr'>scindam</span> <span class='ocrx_word' id='word_1_156' title='bbox 546 2556 584 2619; x_wconf 88' lang='lat' dir='ltr'>de</span> <span class='ocrx_word' id='word_1_157' title='bbox 607 2577 739 2639; x_wconf 82' lang='lat' dir='ltr'>corpore</span> <span class='ocrx_word' id='word_1_158' title='bbox 760 2559 897 2636; x_wconf 79' lang='lat' dir='ltr'>vestem,</span> 
     </span>
    </p>

    <p class='ocr_par' dir='ltr' id='par_1_20' title="bbox 104 2634 809 2724">
     <span class='ocr_line' id='line_1_27' title="bbox 104 2634 809 2724; baseline 0.001 -22"><span class='ocrx_word' id='word_1_159' title='bbox 104 2634 167 2704; x_wconf 84' lang='lat' dir='ltr'>Nee</span> <span class='ocrx_word' id='word_1_160' title='bbox 188 2661 262 2703; x_wconf 89' lang='lat' dir='ltr'>mea</span> <span class='ocrx_word' id='word_1_161' title='bbox 282 2641 463 2724; x_wconf 86' lang='lat' dir='ltr'>praeclusas</span> <span class='ocrx_word' id='word_1_162' title='bbox 485 2641 618 2724; x_wconf 84' lang='lat' dir='ltr'>fregerit</span> <span class='ocrx_word' id='word_1_163' title='bbox 638 2640 686 2704; x_wconf 88' lang='lat' dir='ltr'>ira</span> <span class='ocrx_word' id='word_1_164' title='bbox 706 2640 809 2721; x_wconf 79' lang='lat' dir='ltr'>forae,</span> 
     </span>
    </p>

    <p class='ocr_par' dir='ltr' id='par_1_21' title="bbox 97 2724 766 2808">
     <span class='ocr_line' id='line_1_28' title="bbox 97 2724 766 2808; baseline 0.007 -26"><span class='ocrx_word' id='word_1_165' title='bbox 97 2740 128 2786; x_wconf 87' lang='lat' dir='ltr'>ec</span> <span class='ocrx_word' id='word_1_166' title='bbox 146 2724 208 2788; x_wconf 92' lang='lat' dir='ltr'>tibi</span> <span class='ocrx_word' id='word_1_167' title='bbox 231 2745 369 2788; x_wconf 84' lang='lat' dir='ltr'>conexos</span> <span class='ocrx_word' id='word_1_168' title='bbox 391 2725 490 2787; x_wconf 88' lang='lat' dir='ltr'>iratus</span> <span class='ocrx_word' id='word_1_169' title='bbox 513 2745 641 2808; x_wconf 71' lang='lat' dir='ltr'>ear&#39;pere</span> <span class='ocrx_word' id='word_1_170' title='bbox 663 2726 766 2789; x_wconf 86' lang='lat' dir='ltr'>crines</span> 
     </span>
    </p>

    <p class='ocr_par' dir='ltr' id='par_1_22' title="bbox 104 2803 754 2892">
     <span class='ocr_line' id='line_1_29' title="bbox 104 2803 754 2892; baseline 0 -20"><span class='ocrx_word' id='word_1_171' title='bbox 104 2803 168 2873; x_wconf 83' lang='lat' dir='ltr'>Nee</span> <span class='ocrx_word' id='word_1_172' title='bbox 190 2808 278 2872; x_wconf 88' lang='lat' dir='ltr'>duris</span> <span class='ocrx_word' id='word_1_173' title='bbox 301 2810 403 2872; x_wconf 88' lang='lat' dir='ltr'>ausim</span> <span class='ocrx_word' id='word_1_174' title='bbox 424 2808 549 2872; x_wconf 86' lang='lat' dir='ltr'>laedere</span> <span class='ocrx_word' id='word_1_175' title='bbox 570 2809 754 2892; x_wconf 83' lang='lat' dir='ltr'>pollicibus:</span> 
     </span>
    </p>

    <p class='ocr_par' dir='ltr' id='par_1_23' title="bbox 97 2892 1021 3060">
     <span class='ocr_line' id='line_1_30' title="bbox 97 2892 1021 2977; baseline -0.001 -22"><span class='ocrx_word' id='word_1_176' title='bbox 97 2892 208 2957; x_wconf 74' lang='lat' dir='ltr'>ustcus</span> <span class='ocrx_word' id='word_1_177' title='bbox 230 2892 309 2957; x_wconf 88' lang='lat' dir='ltr'>haee</span> <span class='ocrx_word' id='word_1_178' title='bbox 332 2894 445 2975; x_wconf 87' lang='lat' dir='ltr'>aliquis</span> <span class='ocrx_word' id='word_1_179' title='bbox 468 2898 534 2956; x_wconf 86' lang='lat' dir='ltr'>tam</span> <span class='ocrx_word' id='word_1_180' title='bbox 556 2894 663 2976; x_wconf 87' lang='lat' dir='ltr'>turpia</span> <span class='ocrx_word' id='word_1_181' title='bbox 684 2893 806 2977; x_wconf 87' lang='lat' dir='ltr'>proelia</span> <span class='ocrx_word' id='word_1_182' title='bbox 820 2894 966 2976; x_wconf 87' lang='lat' dir='ltr'>quaerat,</span> <span class='ocrx_word' id='word_1_183' title='bbox 988 2906 1021 2955; x_wconf 76' lang='lat' dir='ltr'>aa</span> 
     </span>
     <span class='ocr_line' id='line_1_31' title="bbox 106 2973 742 3060; baseline 0.003 -21"><span class='ocrx_word' id='word_1_184' title='bbox 106 2973 198 3041; x_wconf 75' lang='lat' dir='ltr'>Cuius</span> <span class='ocrx_word' id='word_1_185' title='bbox 220 2998 288 3041; x_wconf 91' lang='lat' dir='ltr'>non</span> <span class='ocrx_word' id='word_1_186' title='bbox 309 2977 443 3041; x_wconf 89' lang='lat' dir='ltr'>hederae</span> <span class='ocrx_word' id='word_1_187' title='bbox 466 2978 615 3042; x_wconf 77' lang='lat' dir='ltr'>eneuiere</span> <span class='ocrx_word' id='word_1_188' title='bbox 638 2982 742 3060; x_wconf 85' lang='lat' dir='ltr'>eaput.</span> 
     </span>
    </p>

    <p class='ocr_par' dir='ltr' id='par_1_24' title="bbox 97 3060 979 3231">
     <span class='ocr_line' id='line_1_32' title="bbox 97 3060 979 3147; baseline 0.008 -27"><span class='ocrx_word' id='word_1_189' title='bbox 97 3060 201 3125; x_wconf 65' lang='lat' dir='ltr'>rn&#39;bam</span> <span class='ocrx_word' id='word_1_190' title='bbox 215 3061 325 3146; x_wconf 86' lang='lat' dir='ltr'>igitur,</span> <span class='ocrx_word' id='word_1_191' title='bbox 345 3062 430 3145; x_wconf 89' lang='lat' dir='ltr'>quod</span> <span class='ocrx_word' id='word_1_192' title='bbox 444 3084 511 3126; x_wconf 89' lang='lat' dir='ltr'>non</span> <span class='ocrx_word' id='word_1_193' title='bbox 525 3083 675 3146; x_wconf 84' lang='lat' dir='ltr'>umquam</span> <span class='ocrx_word' id='word_1_194' title='bbox 688 3065 744 3125; x_wconf 90' lang='lat' dir='ltr'>tua</span> <span class='ocrx_word' id='word_1_195' title='bbox 758 3062 863 3125; x_wconf 89' lang='lat' dir='ltr'>deleat</span> <span class='ocrx_word' id='word_1_196' title='bbox 877 3065 979 3147; x_wconf 86' lang='lat' dir='ltr'>aetas,</span> 
     </span>
     <span class='ocr_line' id='line_1_33' title="bbox 106 3142 936 3231; baseline 0 -21"><span class='ocrx_word' id='word_1_197' title='bbox 106 3142 259 3230; x_wconf 72' lang='lat' dir='ltr'>‘Cynthia</span> <span class='ocrx_word' id='word_1_198' title='bbox 280 3147 383 3209; x_wconf 85' lang='lat' dir='ltr'>forma</span> <span class='ocrx_word' id='word_1_199' title='bbox 404 3151 533 3231; x_wconf 78' lang='lat' dir='ltr'>patena,</span> <span class='ocrx_word' id='word_1_200' title='bbox 557 3144 697 3230; x_wconf 81' lang='lat' dir='ltr'>Cynthia</span> <span class='ocrx_word' id='word_1_201' title='bbox 717 3146 814 3210; x_wconf 85' lang='lat' dir='ltr'>verba</span> <span class='ocrx_word' id='word_1_202' title='bbox 834 3146 936 3210; x_wconf 67' lang='lat' dir='ltr'>levis!</span> 
     </span>
    </p>

    <p class='ocr_par' dir='ltr' id='par_1_25' title="bbox 97 3229 937 3317">
     <span class='ocr_line' id='line_1_34' title="bbox 97 3229 937 3317; baseline 0.007 -27"><span class='ocrx_word' id='word_1_203' title='bbox 97 3229 160 3294; x_wconf 85' lang='lat' dir='ltr'>rede</span> <span class='ocrx_word' id='word_1_204' title='bbox 174 3230 264 3314; x_wconf 84' lang='lat' dir='ltr'>mihi,</span> <span class='ocrx_word' id='word_1_205' title='bbox 281 3233 424 3313; x_wconf 86' lang='lat' dir='ltr'>quamvis</span> <span class='ocrx_word' id='word_1_206' title='bbox 440 3234 625 3295; x_wconf 87' lang='lat' dir='ltr'>contemnas</span> <span class='ocrx_word' id='word_1_207' title='bbox 639 3252 802 3295; x_wconf 86' lang='lat' dir='ltr'>murmura</span> <span class='ocrx_word' id='word_1_208' title='bbox 816 3230 937 3317; x_wconf 85' lang='lat' dir='ltr'>famae,</span> 
     </span>
    </p>

    <p class='ocr_par' dir='ltr' id='par_1_26' title="bbox 105 3312 1024 3402">
     <span class='ocr_line' id='line_1_35' title="bbox 105 3312 1024 3402; baseline 0 -22"><span class='ocrx_word' id='word_1_209' title='bbox 105 3312 162 3383; x_wconf 81' lang='lat' dir='ltr'>Hie</span> <span class='ocrx_word' id='word_1_210' title='bbox 184 3318 245 3381; x_wconf 89' lang='lat' dir='ltr'>tibi</span> <span class='ocrx_word' id='word_1_211' title='bbox 266 3317 396 3402; x_wconf 84' lang='lat' dir='ltr'>pallori,</span> <span class='ocrx_word' id='word_1_212' title='bbox 420 3316 572 3398; x_wconf 81' lang='lat' dir='ltr'>Cynthia,</span> <span class='ocrx_word' id='word_1_213' title='bbox 595 3338 704 3383; x_wconf 87' lang='lat' dir='ltr'>versus</span> <span class='ocrx_word' id='word_1_214' title='bbox 727 3318 795 3384; x_wconf 83' lang='lat' dir='ltr'>erit</span> <span class='ocrx_word' id='word_1_215' title='bbox 989 3332 1024 3381; x_wconf 75' lang='lat' dir='ltr'>ab</span> 
     </span>
    </p>
   </div>
   <div class='ocr_carea' id='block_1_6' title="bbox 0 0 1145 3998">
    <p class='ocr_par' dir='ltr' id='par_1_27' title="bbox 0 0 1145 3998">
     <span class='ocr_line' id='line_1_36' title="bbox 0 0 1145 3998; baseline 0 0"><span class='ocrx_word' id='word_1_216' title='bbox 0 0 1145 3998; x_wconf 95' lang='lat' dir='ltr'> </span> 
     </span>
    </p>
   </div>
  </div>
 </body>
</html>
