<?xml version="1.0" encoding="UTF-8"?>
<!DOCTYPE html PUBLIC "-//W3C//DTD XHTML 1.0 Transitional//EN"
    "http://www.w3.org/TR/xhtml1/DTD/xhtml1-transitional.dtd">
<html xmlns="http://www.w3.org/1999/xhtml" xml:lang="en" lang="en">
 <head>
  <title>
</title>
<meta http-equiv="Content-Type" content="text/html;charset=utf-8" />
  <meta name='ocr-system' content='tesseract 3.04.00' />
  <meta name='ocr-capabilities' content='ocr_page ocr_carea ocr_par ocr_line ocrx_word'/>
</head>
<body>
  <div class='ocr_page' id='page_1' title='image "./sexrecensvitlvc00propgoog_0050.png"; bbox 0 0 2392 3990; ppageno 0'>
   <div class='ocr_carea' id='block_1_1' title="bbox 68 229 1020 314">
    <p class='ocr_par' dir='ltr' id='par_1_1' title="bbox 68 229 1020 314">
     <span class='ocr_line' id='line_1_1' title="bbox 68 229 1020 314; baseline -0.005 -18"><span class='ocrx_word' id='word_1_1' title='bbox 68 239 145 314; x_wconf 79' lang='grc'><strong>1111]</strong></span> <span class='ocrx_word' id='word_1_2' title='bbox 454 241 562 296; x_wconf 77' lang='lat' dir='ltr'>urana</span> <span class='ocrx_word' id='word_1_3' title='bbox 583 240 631 295; x_wconf 89' lang='grc'>111</span> <span class='ocrx_word' id='word_1_4' title='bbox 978 229 1020 293; x_wconf 81' lang='lat'>39</span> 
     </span>
    </p>
   </div>
   <div class='ocr_carea' id='block_1_2' title="bbox 63 398 1019 915">
    <p class='ocr_par' dir='ltr' id='par_1_2' title="bbox 66 398 1019 571">
     <span class='ocr_line' id='line_1_2' title="bbox 66 398 962 487; baseline -0.008 -19"><span class='ocrx_word' id='word_1_5' title='bbox 66 402 107 468; x_wconf 86' lang='lat' dir='ltr'>Tu</span> <span class='ocrx_word' id='word_1_6' title='bbox 127 403 239 487; x_wconf 93' lang='lat' dir='ltr'>modo,</span> <span class='ocrx_word' id='word_1_7' title='bbox 263 403 339 467; x_wconf 92' lang='lat' dir='ltr'>dum</span> <span class='ocrx_word' id='word_1_8' title='bbox 361 403 450 485; x_wconf 73' lang='lat' dir='ltr'>licei,</span> <span class='ocrx_word' id='word_1_9' title='bbox 473 425 492 467; x_wconf 95' lang='lat'>0</span> <span class='ocrx_word' id='word_1_10' title='bbox 514 403 654 466; x_wconf 73' lang='lat' dir='ltr'>fructum</span> <span class='ocrx_word' id='word_1_11' title='bbox 674 424 716 466; x_wconf 92' lang='lat' dir='ltr'>ne</span> <span class='ocrx_word' id='word_1_12' title='bbox 739 401 848 465; x_wconf 85' lang='lat' dir='ltr'>desere</span> <span class='ocrx_word' id='word_1_13' title='bbox 869 398 962 462; x_wconf 77' lang='lat' dir='ltr'>vitae.</span> 
     </span>
     <span class='ocr_line' id='line_1_3' title="bbox 102 487 1019 571; baseline -0.011 -18"><span class='ocrx_word' id='word_1_14' title='bbox 102 488 216 553; x_wconf 86' lang='lat' dir='ltr'>Omnia</span> <span class='ocrx_word' id='word_1_15' title='bbox 238 488 410 552; x_wconf 83' lang='lat' dir='ltr'>sidederis</span> <span class='ocrx_word' id='word_1_16' title='bbox 432 488 555 569; x_wconf 89' lang='lat' dir='ltr'>oscula,</span> <span class='ocrx_word' id='word_1_17' title='bbox 578 509 680 571; x_wconf 88' lang='lat' dir='ltr'>pauca</span> <span class='ocrx_word' id='word_1_18' title='bbox 701 487 800 551; x_wconf 90' lang='lat' dir='ltr'>dabis.</span> <span class='ocrx_word' id='word_1_19' title='bbox 984 496 1019 544; x_wconf 74' lang='lat'>50</span> 
     </span>
    </p>

    <p class='ocr_par' dir='ltr' id='par_1_3' title="bbox 64 571 861 741">
     <span class='ocr_line' id='line_1_4' title="bbox 64 571 788 655; baseline -0.006 -18"><span class='ocrx_word' id='word_1_20' title='bbox 64 573 106 637; x_wconf 78' lang='lat' dir='ltr'>Ac</span> <span class='ocrx_word' id='word_1_21' title='bbox 127 574 224 637; x_wconf 82' lang='lat' dir='ltr'>veluti</span> <span class='ocrx_word' id='word_1_22' title='bbox 246 573 326 637; x_wconf 88' lang='lat' dir='ltr'>folia</span> <span class='ocrx_word' id='word_1_23' title='bbox 348 575 472 637; x_wconf 73' lang='lat' dir='ltr'>arentes</span> <span class='ocrx_word' id='word_1_24' title='bbox 495 573 615 655; x_wconf 89' lang='lat' dir='ltr'>liquere</span> <span class='ocrx_word' id='word_1_25' title='bbox 638 571 788 653; x_wconf 88' lang='lat' dir='ltr'>corollas,</span> 
     </span>
     <span class='ocr_line' id='line_1_5' title="bbox 101 654 861 741; baseline -0.003 -21"><span class='ocrx_word' id='word_1_26' title='bbox 101 657 186 732; x_wconf 81' lang='lat' dir='ltr'>Quae</span> <span class='ocrx_word' id='word_1_27' title='bbox 207 657 328 741; x_wconf 86' lang='lat' dir='ltr'>passim</span> <span class='ocrx_word' id='word_1_28' title='bbox 350 657 483 722; x_wconf 77' lang='lat' dir='ltr'>calathis</span> <span class='ocrx_word' id='word_1_29' title='bbox 506 659 605 720; x_wconf 72' lang='lat' dir='ltr'>strala</span> <span class='ocrx_word' id='word_1_30' title='bbox 625 661 736 719; x_wconf 82' lang='lat' dir='ltr'>natare</span> <span class='ocrx_word' id='word_1_31' title='bbox 757 654 861 736; x_wconf 86' lang='lat' dir='ltr'>vides,</span> 
     </span>
    </p>

    <p class='ocr_par' dir='ltr' id='par_1_4' title="bbox 63 739 961 915">
     <span class='ocr_line' id='line_1_6' title="bbox 63 739 961 826; baseline -0.004 -20"><span class='ocrx_word' id='word_1_32' title='bbox 63 739 110 806; x_wconf 86' lang='lat' dir='ltr'>Sic</span> <span class='ocrx_word' id='word_1_33' title='bbox 130 743 240 824; x_wconf 88' lang='lat' dir='ltr'>nobis,</span> <span class='ocrx_word' id='word_1_34' title='bbox 263 743 318 826; x_wconf 92' lang='lat' dir='ltr'>qui</span> <span class='ocrx_word' id='word_1_35' title='bbox 340 764 426 806; x_wconf 90' lang='lat' dir='ltr'>nunc</span> <span class='ocrx_word' id='word_1_36' title='bbox 447 763 599 825; x_wconf 84' lang='lat' dir='ltr'>magnum</span> <span class='ocrx_word' id='word_1_37' title='bbox 622 742 778 824; x_wconf 86' lang='lat' dir='ltr'><strong>spiramus</strong></span> <span class='ocrx_word' id='word_1_38' title='bbox 804 741 961 820; x_wconf 81' lang='lat' dir='ltr'>amantes,</span> 
     </span>
     <span class='ocr_line' id='line_1_7' title="bbox 97 825 878 915; baseline -0.004 -25"><span class='ocrx_word' id='word_1_39' title='bbox 97 825 246 891; x_wconf 77' lang='lat' dir='ltr'><strong>Forsitan</strong></span> <span class='ocrx_word' id='word_1_40' title='bbox 266 826 409 890; x_wconf 76' lang='lat' dir='ltr'>includet</span> <span class='ocrx_word' id='word_1_41' title='bbox 430 828 569 890; x_wconf 75' lang='lat' dir='ltr'>crastina</span> <span class='ocrx_word' id='word_1_42' title='bbox 593 826 660 888; x_wconf 78' lang='lat' dir='ltr'>fata</span> <span class='ocrx_word' id='word_1_43' title='bbox 682 826 758 889; x_wconf 88' lang='lat' dir='ltr'>dies.</span> <span class='ocrx_word' id='word_1_44' title='bbox 874 906 878 915; x_wconf 27' lang='lat'>¹</span> 
     </span>
    </p>
   </div>
   <div class='ocr_carea' id='block_1_3' title="bbox 417 958 655 1136">
    <p class='ocr_par' dir='ltr' id='par_1_5' title="bbox 417 958 655 1136">
     <span class='ocr_line' id='line_1_8' title="bbox 417 958 655 1136; baseline 0.008 -22"><span class='ocrx_word' id='word_1_45' title='bbox 417 958 655 1136; x_wconf 55' lang='lat' dir='ltr'>effla.</span> 
     </span>
    </p>
   </div>
   <div class='ocr_carea' id='block_1_4' title="bbox 60 1127 971 1249">
    <p class='ocr_par' dir='ltr' id='par_1_6' title="bbox 60 1127 971 1249">
     <span class='ocr_line' id='line_1_9' title="bbox 60 1127 971 1249; baseline -0.003 -21"><span class='ocrx_word' id='word_1_46' title='bbox 60 1163 189 1229; x_wconf 74' lang='lat' dir='ltr'>Praeior</span> <span class='ocrx_word' id='word_1_47' title='bbox 211 1164 250 1229; x_wconf 90' lang='lat' dir='ltr'>ab</span> <span class='ocrx_word' id='word_1_48' title='bbox 272 1164 410 1248; x_wconf 83' lang='lat' dir='ltr'><strong>Illyricis</strong></span> <span class='ocrx_word' id='word_1_49' title='bbox 432 1167 521 1229; x_wconf 72' lang='lat' dir='ltr'>venii</span> <span class='ocrx_word' id='word_1_50' title='bbox 542 1166 652 1249; x_wconf 91' lang='lat' dir='ltr'>modo,</span> <span class='ocrx_word' id='word_1_51' title='bbox 677 1164 830 1249; x_wconf 77' lang='lat' dir='ltr'>Cynthia,</span> <span class='ocrx_word' id='word_1_52' title='bbox 853 1127 971 1243; x_wconf 70' lang='lat' dir='ltr'>terris,</span> 
     </span>
    </p>
   </div>
   <div class='ocr_carea' id='block_1_5' title="bbox 10 1249 1017 3190">
    <p class='ocr_par' dir='ltr' id='par_1_7' title="bbox 96 1249 838 1334">
     <span class='ocr_line' id='line_1_10' title="bbox 96 1249 838 1334; baseline 0 -22"><span class='ocrx_word' id='word_1_53' title='bbox 96 1249 238 1313; x_wconf 86' lang='lat' dir='ltr'>Maxima</span> <span class='ocrx_word' id='word_1_54' title='bbox 258 1250 377 1334; x_wconf 87' lang='lat' dir='ltr'>praeda</span> <span class='ocrx_word' id='word_1_55' title='bbox 396 1250 471 1332; x_wconf 83' lang='lat' dir='ltr'>tibi,</span> <span class='ocrx_word' id='word_1_56' title='bbox 494 1251 633 1314; x_wconf 87' lang='lat' dir='ltr'>maxima</span> <span class='ocrx_word' id='word_1_57' title='bbox 654 1272 729 1315; x_wconf 88' lang='lat' dir='ltr'>cura</span> <span class='ocrx_word' id='word_1_58' title='bbox 750 1249 838 1313; x_wconf 91' lang='lat' dir='ltr'>mihi.</span> 
     </span>
    </p>

    <p class='ocr_par' dir='ltr' id='par_1_8' title="bbox 58 1331 831 1503">
     <span class='ocr_line' id='line_1_11' title="bbox 58 1331 831 1418; baseline 0 -21"><span class='ocrx_word' id='word_1_59' title='bbox 58 1331 130 1397; x_wconf 87' lang='lat' dir='ltr'>Non</span> <span class='ocrx_word' id='word_1_60' title='bbox 174 1335 259 1398; x_wconf 85' lang='grc'><strong>011111</strong></span> <span class='ocrx_word' id='word_1_61' title='bbox 278 1355 354 1398; x_wconf 84' lang='lat' dir='ltr'>saxo</span> <span class='ocrx_word' id='word_1_62' title='bbox 378 1335 476 1398; x_wconf 79' lang='lat' dir='ltr'>vitam</span> <span class='ocrx_word' id='word_1_63' title='bbox 497 1336 641 1418; x_wconf 88' lang='lat' dir='ltr'><strong>posuisse</strong></span> <span class='ocrx_word' id='word_1_64' title='bbox 664 1332 831 1400; x_wconf 79' lang='lat' dir='ltr'>Cerauno?</span> 
     </span>
     <span class='ocr_line' id='line_1_12' title="bbox 96 1419 775 1503; baseline 0.001 -21"><span class='ocrx_word' id='word_1_65' title='bbox 96 1419 127 1482; x_wconf 81' lang='lat' dir='ltr'><strong>A</strong></span> <span class='ocrx_word' id='word_1_66' title='bbox 182 1423 314 1503; x_wconf 73' lang='lat' dir='ltr'>epiune,</span> <span class='ocrx_word' id='word_1_67' title='bbox 336 1420 397 1483; x_wconf 77' lang='lat' dir='ltr'>tibi</span> <span class='ocrx_word' id='word_1_68' title='bbox 419 1419 524 1502; x_wconf 89' lang='lat' dir='ltr'>qualia</span> <span class='ocrx_word' id='word_1_69' title='bbox 546 1420 630 1483; x_wconf 88' lang='lat' dir='ltr'>dona</span> <span class='ocrx_word' id='word_1_70' title='bbox 652 1420 775 1483; x_wconf 80' lang='lat' dir='ltr'>darem!</span> 
     </span>
    </p>

    <p class='ocr_par' dir='ltr' id='par_1_9' title="bbox 58 1500 1017 1672">
     <span class='ocr_line' id='line_1_13' title="bbox 58 1500 1017 1587; baseline 0.001 -21"><span class='ocrx_word' id='word_1_71' title='bbox 58 1500 150 1566; x_wconf 93' lang='lat' dir='ltr'>Nunc</span> <span class='ocrx_word' id='word_1_72' title='bbox 171 1503 242 1568; x_wconf 88' lang='lat' dir='ltr'>sine</span> <span class='ocrx_word' id='word_1_73' title='bbox 263 1525 314 1567; x_wconf 92' lang='lat' dir='ltr'>me</span> <span class='ocrx_word' id='word_1_74' title='bbox 336 1505 432 1587; x_wconf 91' lang='lat' dir='ltr'>plena</span> <span class='ocrx_word' id='word_1_75' title='bbox 452 1505 534 1567; x_wconf 77' lang='lat' dir='ltr'>fiuni</span> <span class='ocrx_word' id='word_1_76' title='bbox 556 1504 701 1567; x_wconf 81' lang='lat' dir='ltr'>convivia</span> <span class='ocrx_word' id='word_1_77' title='bbox 721 1523 846 1585; x_wconf 86' lang='lat' dir='ltr'>mensa,</span> <span class='ocrx_word' id='word_1_78' title='bbox 1001 1513 1017 1560; x_wconf 76' lang='grc' dir='ltr'><strong><em>ὃ</em></strong></span> 
     </span>
     <span class='ocr_line' id='line_1_14' title="bbox 96 1586 798 1672; baseline 0.001 -22"><span class='ocrx_word' id='word_1_79' title='bbox 96 1586 193 1651; x_wconf 91' lang='lat' dir='ltr'>Nunc</span> <span class='ocrx_word' id='word_1_80' title='bbox 215 1588 284 1651; x_wconf 87' lang='lat' dir='ltr'>sine</span> <span class='ocrx_word' id='word_1_81' title='bbox 305 1610 357 1652; x_wconf 90' lang='lat' dir='ltr'>me</span> <span class='ocrx_word' id='word_1_82' title='bbox 378 1591 446 1652; x_wconf 75' lang='lat' dir='ltr'>tota</span> <span class='ocrx_word' id='word_1_83' title='bbox 467 1590 564 1652; x_wconf 89' lang='lat' dir='ltr'>ianua</span> <span class='ocrx_word' id='word_1_84' title='bbox 584 1592 679 1652; x_wconf 76' lang='lat' dir='ltr'>nocte</span> <span class='ocrx_word' id='word_1_85' title='bbox 699 1591 798 1672; x_wconf 77' lang='lat' dir='ltr'>patei.</span> 
     </span>
    </p>

    <p class='ocr_par' dir='ltr' id='par_1_10' title="bbox 58 1669 837 1756">
     <span class='ocr_line' id='line_1_15' title="bbox 58 1669 837 1756; baseline -0.001 -21"><span class='ocrx_word' id='word_1_86' title='bbox 58 1669 179 1754; x_wconf 83' lang='lat' dir='ltr'>Quare,</span> <span class='ocrx_word' id='word_1_87' title='bbox 204 1673 233 1735; x_wconf 90' lang='lat' dir='ltr'>si</span> <span class='ocrx_word' id='word_1_88' title='bbox 256 1673 356 1756; x_wconf 86' lang='lat' dir='ltr'>sapis,</span> <span class='ocrx_word' id='word_1_89' title='bbox 379 1673 503 1736; x_wconf 77' lang='lat' dir='ltr'>oblatas</span> <span class='ocrx_word' id='word_1_90' title='bbox 525 1696 566 1736; x_wconf 90' lang='lat' dir='ltr'>ne</span> <span class='ocrx_word' id='word_1_91' title='bbox 588 1673 696 1738; x_wconf 88' lang='lat' dir='ltr'>desere</span> <span class='ocrx_word' id='word_1_92' title='bbox 717 1693 837 1736; x_wconf 89' lang='lat' dir='ltr'>messes</span> 
     </span>
    </p>

    <p class='ocr_par' dir='ltr' id='par_1_11' title="bbox 10 1755 814 1842">
     <span class='ocr_line' id='line_1_16' title="bbox 10 1755 814 1842; baseline 0.001 -23"><span class='ocrx_word' id='word_1_93' title='bbox 10 1804 12 1833; x_wconf 85' lang='grc'>,</span> <span class='ocrx_word' id='word_1_94' title='bbox 95 1755 140 1819; x_wconf 86' lang='grc' dir='ltr'>Ε1</span> <span class='ocrx_word' id='word_1_95' title='bbox 161 1755 314 1821; x_wconf 75' lang='lat' dir='ltr'>stolidum</span> <span class='ocrx_word' id='word_1_96' title='bbox 332 1758 428 1841; x_wconf 88' lang='lat' dir='ltr'>pleno</span> <span class='ocrx_word' id='word_1_97' title='bbox 450 1758 565 1821; x_wconf 87' lang='lat' dir='ltr'>vellere</span> <span class='ocrx_word' id='word_1_98' title='bbox 587 1780 680 1842; x_wconf 88' lang='lat' dir='ltr'>carpe</span> <span class='ocrx_word' id='word_1_99' title='bbox 702 1779 814 1840; x_wconf 84' lang='lat' dir='ltr'>pecus:</span> 
     </span>
    </p>

    <p class='ocr_par' dir='ltr' id='par_1_12' title="bbox 57 1839 1017 2011">
     <span class='ocr_line' id='line_1_17' title="bbox 57 1839 948 1925; baseline 0 -22"><span class='ocrx_word' id='word_1_100' title='bbox 57 1839 193 1923; x_wconf 85' lang='lat' dir='ltr'>Deinde,</span> <span class='ocrx_word' id='word_1_101' title='bbox 216 1842 272 1905; x_wconf 91' lang='lat' dir='ltr'>ubi</span> <span class='ocrx_word' id='word_1_102' title='bbox 295 1846 484 1925; x_wconf 73' lang='lat' dir='ltr'>consumpto</span> <span class='ocrx_word' id='word_1_103' title='bbox 506 1843 640 1907; x_wconf 77' lang='lat' dir='ltr'>restabil</span> <span class='ocrx_word' id='word_1_104' title='bbox 660 1863 791 1907; x_wconf 88' lang='lat' dir='ltr'>munere</span> <span class='ocrx_word' id='word_1_105' title='bbox 812 1861 948 1925; x_wconf 84' lang='lat' dir='ltr'>pauper,</span> 
     </span>
     <span class='ocr_line' id='line_1_18' title="bbox 96 1923 1017 2011; baseline 0.003 -23"><span class='ocrx_word' id='word_1_106' title='bbox 96 1923 157 1989; x_wconf 87' lang='lat' dir='ltr'>Dic</span> <span class='ocrx_word' id='word_1_107' title='bbox 179 1925 258 1989; x_wconf 86' lang='lat' dir='ltr'>alias</span> <span class='ocrx_word' id='word_1_108' title='bbox 279 1926 394 1989; x_wconf 73' lang='lat' dir='ltr'>iterum</span> <span class='ocrx_word' id='word_1_109' title='bbox 416 1927 546 2011; x_wconf 80' lang='lat' dir='ltr'>naviget</span> <span class='ocrx_word' id='word_1_110' title='bbox 566 1926 702 2009; x_wconf 76' lang='lat' dir='ltr'>Illyrias,</span> <span class='ocrx_word' id='word_1_111' title='bbox 985 1936 1017 1984; x_wconf 92' lang='lat'>10</span> 
     </span>
    </p>

    <p class='ocr_par' dir='ltr' id='par_1_13' title="bbox 57 2007 937 2178">
     <span class='ocr_line' id='line_1_19' title="bbox 57 2007 937 2092; baseline -0.001 -19"><span class='ocrx_word' id='word_1_112' title='bbox 57 2007 192 2092; x_wconf 74' lang='lat' dir='ltr'>Cynthia</span> <span class='ocrx_word' id='word_1_113' title='bbox 213 2030 281 2074; x_wconf 92' lang='lat' dir='ltr'>non</span> <span class='ocrx_word' id='word_1_114' title='bbox 302 2012 446 2092; x_wconf 76' lang='lat' dir='ltr'>sequitur</span> <span class='ocrx_word' id='word_1_115' title='bbox 467 2012 569 2074; x_wconf 87' lang='lat' dir='ltr'>fasces</span> <span class='ocrx_word' id='word_1_116' title='bbox 590 2033 650 2075; x_wconf 89' lang='lat' dir='ltr'>nec</span> <span class='ocrx_word' id='word_1_117' title='bbox 673 2013 764 2074; x_wconf 74' lang='lat' dir='ltr'>cural</span> <span class='ocrx_word' id='word_1_118' title='bbox 784 2009 937 2091; x_wconf 88' lang='lat' dir='ltr'>honores,</span> 
     </span>
     <span class='ocr_line' id='line_1_20' title="bbox 97 2092 803 2178; baseline -0.001 -20"><span class='ocrx_word' id='word_1_119' title='bbox 97 2092 230 2178; x_wconf 84' lang='lat' dir='ltr'>Semper</span> <span class='ocrx_word' id='word_1_120' title='bbox 251 2099 429 2159; x_wconf 78' lang='lat' dir='ltr'>amatorum</span> <span class='ocrx_word' id='word_1_121' title='bbox 474 2095 607 2159; x_wconf 77' lang='lat' dir='ltr'>onderai</span> <span class='ocrx_word' id='word_1_122' title='bbox 628 2096 683 2158; x_wconf 85' lang='lat' dir='ltr'>illa</span> <span class='ocrx_word' id='word_1_123' title='bbox 704 2096 803 2158; x_wconf 85' lang='lat' dir='ltr'>sinus.</span> 
     </span>
    </p>

    <p class='ocr_par' dir='ltr' id='par_1_14' title="bbox 56 2177 944 2349">
     <span class='ocr_line' id='line_1_21' title="bbox 56 2177 944 2261; baseline 0 -21"><span class='ocrx_word' id='word_1_124' title='bbox 56 2177 154 2243; x_wconf 76' lang='grc'><strong>1111</strong></span> <span class='ocrx_word' id='word_1_125' title='bbox 175 2200 262 2243; x_wconf 87' lang='lat' dir='ltr'>nunc</span> <span class='ocrx_word' id='word_1_126' title='bbox 283 2183 395 2244; x_wconf 78' lang='lat' dir='ltr'>nostro</span> <span class='ocrx_word' id='word_1_127' title='bbox 402 2228 412 2261; x_wconf 92' lang='lat'>,</span> <span class='ocrx_word' id='word_1_128' title='bbox 466 2201 558 2261; x_wconf 80' lang='lat' dir='ltr'>cnuS,</span> <span class='ocrx_word' id='word_1_129' title='bbox 582 2201 601 2243; x_wconf 97' lang='lat' dir='ltr'>o</span> <span class='ocrx_word' id='word_1_130' title='bbox 624 2201 770 2243; x_wconf 88' lang='lat' dir='ltr'>succurre</span> <span class='ocrx_word' id='word_1_131' title='bbox 793 2177 911 2260; x_wconf 88' lang='lat' dir='ltr'>dolori,</span> <span class='ocrx_word' id='word_1_132' title='bbox 941 2226 944 2232; x_wconf 79' lang='lat'>.</span> 
     </span>
     <span class='ocr_line' id='line_1_22' title="bbox 94 2261 837 2349; baseline -0.001 -23"><span class='ocrx_word' id='word_1_133' title='bbox 94 2261 239 2349; x_wconf 76' lang='lat' dir='ltr'>Rumpai</span> <span class='ocrx_word' id='word_1_134' title='bbox 259 2267 296 2326; x_wconf 91' lang='grc'>111</span> <span class='ocrx_word' id='word_1_135' title='bbox 317 2264 457 2328; x_wconf 83' lang='lat' dir='ltr'>adsiduis</span> <span class='ocrx_word' id='word_1_136' title='bbox 478 2264 621 2328; x_wconf 80' lang='lat' dir='ltr'>membra</span> <span class='ocrx_word' id='word_1_137' title='bbox 642 2263 837 2328; x_wconf 88' lang='lat' dir='ltr'>libidinibus.</span> 
     </span>
    </p>

    <p class='ocr_par' dir='ltr' id='par_1_15' title="bbox 56 2344 1015 2517">
     <span class='ocr_line' id='line_1_23' title="bbox 56 2344 1015 2494; baseline -0.003 -83"><span class='ocrx_word' id='word_1_138' title='bbox 56 2344 140 2494; x_wconf 62' lang='lat' dir='ltr'>liufo</span> <span class='ocrx_word' id='word_1_139' title='bbox 162 2348 348 2411; x_wconf 87' lang='lat' dir='ltr'>muneribus</span> <span class='ocrx_word' id='word_1_140' title='bbox 363 2349 466 2431; x_wconf 85' lang='lat' dir='ltr'>quivis</span> <span class='ocrx_word' id='word_1_141' title='bbox 487 2352 645 2413; x_wconf 81' lang='lat' dir='ltr'>mercatur</span> <span class='ocrx_word' id='word_1_142' title='bbox 667 2346 829 2412; x_wconf 84' lang='lat' dir='ltr'>amorem?</span> <span class='ocrx_word' id='word_1_143' title='bbox 985 2357 1015 2408; x_wconf 81' lang='lat'>1⁵</span> 
     </span>
     <span class='ocr_line' id='line_1_24' title="bbox 110 2433 776 2517; baseline 0 -22"><span class='ocrx_word' id='word_1_144' title='bbox 110 2433 253 2516; x_wconf 75' lang='lat' dir='ltr'>uppiter,</span> <span class='ocrx_word' id='word_1_145' title='bbox 276 2433 410 2517; x_wconf 87' lang='lat' dir='ltr'>indigna</span> <span class='ocrx_word' id='word_1_146' title='bbox 430 2455 535 2498; x_wconf 89' lang='lat' dir='ltr'>merce</span> <span class='ocrx_word' id='word_1_147' title='bbox 557 2434 664 2517; x_wconf 90' lang='lat' dir='ltr'>puella</span> <span class='ocrx_word' id='word_1_148' title='bbox 685 2433 776 2516; x_wconf 77' lang='lat' dir='ltr'>perii.</span> 
     </span>
    </p>

    <p class='ocr_par' dir='ltr' id='par_1_16' title="bbox 56 2514 957 2684">
     <span class='ocr_line' id='line_1_25' title="bbox 56 2514 957 2601; baseline -0.002 -21"><span class='ocrx_word' id='word_1_149' title='bbox 56 2514 186 2600; x_wconf 84' lang='lat' dir='ltr'>Semper</span> <span class='ocrx_word' id='word_1_150' title='bbox 207 2516 242 2578; x_wconf 93' lang='lat' dir='ltr'>in</span> <span class='ocrx_word' id='word_1_151' title='bbox 264 2516 427 2581; x_wconf 83' lang='lat' dir='ltr'>Oceanum</span> <span class='ocrx_word' id='word_1_152' title='bbox 449 2519 550 2582; x_wconf 78' lang='grc'><strong>11111111</strong></span> <span class='ocrx_word' id='word_1_153' title='bbox 570 2540 622 2582; x_wconf 91' lang='lat' dir='ltr'>me</span> <span class='ocrx_word' id='word_1_154' title='bbox 644 2538 793 2600; x_wconf 90' lang='lat' dir='ltr'>quaerere</span> <span class='ocrx_word' id='word_1_155' title='bbox 815 2536 957 2601; x_wconf 81' lang='lat' dir='ltr'>gemmas</span> 
     </span>
     <span class='ocr_line' id='line_1_26' title="bbox 94 2601 760 2684; baseline 0 -20"><span class='ocrx_word' id='word_1_156' title='bbox 94 2601 140 2664; x_wconf 78' lang='lat' dir='ltr'>lli</span> <span class='ocrx_word' id='word_1_157' title='bbox 160 2601 250 2665; x_wconf 76' lang='lat' dir='ltr'>iubet</span> <span class='ocrx_word' id='word_1_158' title='bbox 272 2623 310 2665; x_wconf 85' lang='lat' dir='ltr'>ex</span> <span class='ocrx_word' id='word_1_159' title='bbox 332 2602 403 2684; x_wconf 87' lang='lat' dir='ltr'>ipsa</span> <span class='ocrx_word' id='word_1_160' title='bbox 424 2604 537 2666; x_wconf 75' lang='lat' dir='ltr'>tollere</span> <span class='ocrx_word' id='word_1_161' title='bbox 560 2602 644 2665; x_wconf 90' lang='lat' dir='ltr'>dona</span> <span class='ocrx_word' id='word_1_162' title='bbox 665 2601 760 2684; x_wconf 87' lang='lat' dir='ltr'>Tyro.</span> 
     </span>
    </p>

    <p class='ocr_par' dir='ltr' id='par_1_17' title="bbox 55 2686 1017 2855">
     <span class='ocr_line' id='line_1_27' title="bbox 55 2686 922 2768; baseline -0.001 -19"><span class='ocrx_word' id='word_1_163' title='bbox 55 2687 159 2768; x_wconf 78' lang='lat' dir='ltr'>Atque</span> <span class='ocrx_word' id='word_1_164' title='bbox 180 2686 303 2749; x_wconf 76' lang='lat' dir='ltr'>ulinam</span> <span class='ocrx_word' id='word_1_165' title='bbox 324 2686 445 2750; x_wconf 86' lang='lat' dir='ltr'>Romae</span> <span class='ocrx_word' id='word_1_166' title='bbox 467 2709 561 2750; x_wconf 90' lang='lat' dir='ltr'>nemo</span> <span class='ocrx_word' id='word_1_167' title='bbox 585 2689 667 2750; x_wconf 75' lang='lat' dir='ltr'>esset</span> <span class='ocrx_word' id='word_1_168' title='bbox 690 2686 777 2749; x_wconf 88' lang='lat' dir='ltr'>dives</span> <span class='ocrx_word' id='word_1_169' title='bbox 800 2687 832 2750; x_wconf 79' lang='lat' dir='ltr'>et</span> <span class='ocrx_word' id='word_1_170' title='bbox 853 2686 922 2767; x_wconf 90' lang='lat' dir='ltr'>ipse</span> 
     </span>
     <span class='ocr_line' id='line_1_28' title="bbox 95 2769 1017 2855; baseline -0.005 -20"><span class='ocrx_word' id='word_1_171' title='bbox 95 2769 274 2835; x_wconf 76' lang='lat' dir='ltr'>Straminea</span> <span class='ocrx_word' id='word_1_172' title='bbox 294 2777 404 2855; x_wconf 75' lang='lat' dir='ltr'>posset</span> <span class='ocrx_word' id='word_1_173' title='bbox 425 2772 488 2835; x_wconf 87' lang='lat' dir='ltr'>dux</span> <span class='ocrx_word' id='word_1_174' title='bbox 510 2771 653 2835; x_wconf 78' lang='lat' dir='ltr'>habitare</span> <span class='ocrx_word' id='word_1_175' title='bbox 676 2773 763 2834; x_wconf 86' lang='lat' dir='ltr'>casa!</span> <span class='ocrx_word' id='word_1_176' title='bbox 980 2779 1017 2830; x_wconf 68' lang='lat'>‘30</span> 
     </span>
    </p>

    <p class='ocr_par' dir='ltr' id='par_1_18' title="bbox 54 2853 867 3024">
     <span class='ocr_line' id='line_1_29' title="bbox 54 2853 867 2938; baseline -0.004 -18"><span class='ocrx_word' id='word_1_177' title='bbox 54 2853 235 2938; x_wconf 85' lang='lat' dir='ltr'>Numquam</span> <span class='ocrx_word' id='word_1_178' title='bbox 257 2856 385 2919; x_wconf 89' lang='lat' dir='ltr'>venales</span> <span class='ocrx_word' id='word_1_179' title='bbox 407 2861 514 2921; x_wconf 80' lang='lat' dir='ltr'>essent</span> <span class='ocrx_word' id='word_1_180' title='bbox 535 2856 574 2919; x_wconf 89' lang='lat' dir='ltr'>ad</span> <span class='ocrx_word' id='word_1_181' title='bbox 596 2878 711 2919; x_wconf 91' lang='lat' dir='ltr'>munus</span> <span class='ocrx_word' id='word_1_182' title='bbox 734 2854 867 2936; x_wconf 82' lang='lat' dir='ltr'>amicae,</span> 
     </span>
     <span class='ocr_line' id='line_1_30' title="bbox 93 2940 758 3024; baseline -0.002 -21"><span class='ocrx_word' id='word_1_183' title='bbox 93 2940 201 3023; x_wconf 70' lang='lat' dir='ltr'>Alque</span> <span class='ocrx_word' id='word_1_184' title='bbox 222 2961 287 3003; x_wconf 88' lang='lat' dir='ltr'>una</span> <span class='ocrx_word' id='word_1_185' title='bbox 308 2941 398 3004; x_wconf 78' lang='lat' dir='ltr'>fieret</span> <span class='ocrx_word' id='word_1_186' title='bbox 419 2963 499 3005; x_wconf 85' lang='lat' dir='ltr'>cana</span> <span class='ocrx_word' id='word_1_187' title='bbox 519 2941 627 3024; x_wconf 88' lang='lat' dir='ltr'>puella</span> <span class='ocrx_word' id='word_1_188' title='bbox 648 2941 758 3023; x_wconf 73' lang='lat' dir='ltr'>domo,</span> 
     </span>
    </p>

    <p class='ocr_par' dir='ltr' id='par_1_19' title="bbox 53 3021 854 3190">
     <span class='ocr_line' id='line_1_31' title="bbox 53 3021 854 3107; baseline -0.001 -20"><span class='ocrx_word' id='word_1_189' title='bbox 53 3021 128 3088; x_wconf 89' lang='lat' dir='ltr'>Non</span> <span class='ocrx_word' id='word_1_190' title='bbox 150 3024 225 3107; x_wconf 89' lang='lat' dir='ltr'>quia</span> <span class='ocrx_word' id='word_1_191' title='bbox 247 3027 394 3107; x_wconf 77' lang='lat' dir='ltr'>septenas</span> <span class='ocrx_word' id='word_1_192' title='bbox 416 3030 527 3090; x_wconf 78' lang='lat' dir='ltr'>noctes</span> <span class='ocrx_word' id='word_1_193' title='bbox 549 3026 693 3088; x_wconf 73' lang='lat' dir='ltr'>seiuncta</span> <span class='ocrx_word' id='word_1_194' title='bbox 714 3022 854 3104; x_wconf 73' lang='lat' dir='ltr'>cibaris,</span> 
     </span>
     <span class='ocr_line' id='line_1_32' title="bbox 95 3107 791 3190; baseline -0.004 -16"><span class='ocrx_word' id='word_1_195' title='bbox 95 3107 239 3174; x_wconf 84' lang='lat' dir='ltr'>Candida</span> <span class='ocrx_word' id='word_1_196' title='bbox 259 3111 326 3172; x_wconf 75' lang='lat' dir='ltr'>tam</span> <span class='ocrx_word' id='word_1_197' title='bbox 348 3110 442 3174; x_wconf 90' lang='lat' dir='ltr'>foedo</span> <span class='ocrx_word' id='word_1_198' title='bbox 464 3109 594 3174; x_wconf 89' lang='lat' dir='ltr'>brachia</span> <span class='ocrx_word' id='word_1_199' title='bbox 615 3110 686 3172; x_wconf 86' lang='lat' dir='ltr'>fusa</span> <span class='ocrx_word' id='word_1_200' title='bbox 706 3108 791 3190; x_wconf 86' lang='lat' dir='ltr'>viro,</span> 
     </span>
    </p>
   </div>
   <div class='ocr_carea' id='block_1_6' title="bbox 52 3191 1147 3277">
    <p class='ocr_par' dir='ltr' id='par_1_20' title="bbox 52 3191 1147 3277">
     <span class='ocr_line' id='line_1_33' title="bbox 52 3191 1147 3277; baseline -0.008 -19"><span class='ocrx_word' id='word_1_201' title='bbox 52 3191 128 3258; x_wconf 83' lang='lat' dir='ltr'>Non</span> <span class='ocrx_word' id='word_1_202' title='bbox 149 3193 226 3277; x_wconf 85' lang='lat' dir='ltr'>quia</span> <span class='ocrx_word' id='word_1_203' title='bbox 245 3195 403 3277; x_wconf 88' lang='lat' dir='ltr'>peccaris,</span> <span class='ocrx_word' id='word_1_204' title='bbox 427 3198 528 3258; x_wconf 74' lang='lat' dir='ltr'>testor</span> <span class='ocrx_word' id='word_1_205' title='bbox 549 3197 597 3275; x_wconf 77' lang='lat' dir='ltr'>te,</span> <span class='ocrx_word' id='word_1_206' title='bbox 620 3192 676 3256; x_wconf 90' lang='lat' dir='ltr'>sed</span> <span class='ocrx_word' id='word_1_207' title='bbox 698 3193 771 3275; x_wconf 89' lang='lat' dir='ltr'>quia</span> <span class='ocrx_word' id='word_1_208' title='bbox 792 3191 889 3275; x_wconf 85' lang='lat' dir='ltr'>vulgo</span> <span class='ocrx_word' id='word_1_209' title='bbox 982 3202 1015 3250; x_wconf 76' lang='lat'>25</span> <span class='ocrx_word' id='word_1_210' title='bbox 1145 3214 1147 3219; x_wconf 95' lang='lat'><em>·</em></span> 
     </span>
    </p>
   </div>
   <div class='ocr_carea' id='block_1_7' title="bbox 50 3275 863 3616">
    <p class='ocr_par' dir='ltr' id='par_1_21' title="bbox 50 3275 845 3448">
     <span class='ocr_line' id='line_1_34' title="bbox 93 3275 845 3362; baseline -0.004 -20"><span class='ocrx_word' id='word_1_211' title='bbox 93 3275 257 3342; x_wconf 81' lang='lat' dir='ltr'>Formosis</span> <span class='ocrx_word' id='word_1_212' title='bbox 279 3277 392 3342; x_wconf 78' lang='lat' dir='ltr'>levitas</span> <span class='ocrx_word' id='word_1_213' title='bbox 415 3300 539 3362; x_wconf 89' lang='lat' dir='ltr'>semper</span> <span class='ocrx_word' id='word_1_214' title='bbox 561 3278 663 3341; x_wconf 88' lang='lat' dir='ltr'>amica</span> <span class='ocrx_word' id='word_1_215' title='bbox 684 3277 754 3340; x_wconf 71' lang='lat' dir='ltr'>fuir.</span> <span class='ocrx_word' id='word_1_216' title='bbox 843 3299 845 3302; x_wconf 90' lang='lat'>·</span> 
     </span>
     <span class='ocr_line' id='line_1_35' title="bbox 50 3360 793 3448; baseline -0.001 -23"><span class='ocrx_word' id='word_1_217' title='bbox 50 3360 211 3426; x_wconf 86' lang='lat' dir='ltr'>Barbarus</span> <span class='ocrx_word' id='word_1_218' title='bbox 234 3363 373 3426; x_wconf 86' lang='lat' dir='ltr'>excussis</span> <span class='ocrx_word' id='word_1_219' title='bbox 396 3365 498 3448; x_wconf 76' lang='lat' dir='ltr'>agitat</span> <span class='ocrx_word' id='word_1_220' title='bbox 519 3362 656 3447; x_wconf 79' lang='lat' dir='ltr'>vestigia</span> <span class='ocrx_word' id='word_1_221' title='bbox 676 3361 793 3426; x_wconf 89' lang='lat' dir='ltr'>lumbis</span> 
     </span>
    </p>

    <p class='ocr_par' dir='ltr' id='par_1_22' title="bbox 51 3446 863 3616">
     <span class='ocr_line' id='line_1_36' title="bbox 92 3446 805 3532; baseline -0.001 -21"><span class='ocrx_word' id='word_1_222' title='bbox 92 3446 139 3511; x_wconf 76' lang='lat' dir='ltr'>Et</span> <span class='ocrx_word' id='word_1_223' title='bbox 160 3447 266 3511; x_wconf 75' lang='lat' dir='ltr'>subito</span> <span class='ocrx_word' id='word_1_224' title='bbox 289 3447 366 3510; x_wconf 85' lang='lat' dir='ltr'>felix</span> <span class='ocrx_word' id='word_1_225' title='bbox 387 3469 474 3511; x_wconf 92' lang='lat' dir='ltr'>nunc</span> <span class='ocrx_word' id='word_1_226' title='bbox 495 3469 566 3511; x_wconf 89' lang='lat' dir='ltr'>mea</span> <span class='ocrx_word' id='word_1_227' title='bbox 586 3469 687 3532; x_wconf 85' lang='lat' dir='ltr'>regua</span> <span class='ocrx_word' id='word_1_228' title='bbox 708 3448 805 3510; x_wconf 77' lang='lat' dir='ltr'>tenet.</span> 
     </span>
     <span class='ocr_line' id='line_1_37' title="bbox 51 3530 863 3616; baseline -0.002 -20"><span class='ocrx_word' id='word_1_229' title='bbox 51 3530 171 3616; x_wconf 76' lang='lat' dir='ltr'>Aspice</span> <span class='ocrx_word' id='word_1_230' title='bbox 193 3531 269 3616; x_wconf 91' lang='lat' dir='ltr'>quid</span> <span class='ocrx_word' id='word_1_231' title='bbox 291 3532 384 3595; x_wconf 90' lang='lat' dir='ltr'>donis</span> <span class='ocrx_word' id='word_1_232' title='bbox 405 3531 562 3616; x_wconf 85' lang='lat' dir='ltr'>Eriphyla</span> <span class='ocrx_word' id='word_1_233' title='bbox 587 3532 710 3596; x_wconf 68' lang='lat' dir='ltr'>invenit</span> <span class='ocrx_word' id='word_1_234' title='bbox 731 3530 863 3612; x_wconf 89' lang='lat' dir='ltr'>amaris,</span> 
     </span>
    </p>
   </div>
   <div class='ocr_carea' id='block_1_8' title="bbox 0 0 1200 3990">
    <p class='ocr_par' dir='ltr' id='par_1_23' title="bbox 0 0 1200 3990">
     <span class='ocr_line' id='line_1_38' title="bbox 0 0 1200 3990; baseline 0 5"><span class='ocrx_word' id='word_1_235' title='bbox 0 0 1200 3990; x_wconf 95' lang='lat' dir='ltr'> </span> 
     </span>
    </p>
   </div>
  </div>
 </body>
</html>
