2392 3990
119 217 180 283 100
504 224 698 283 raornaru
1025 230 1078 302 [ιιι
1110 268 1122 317 3

1102 230 1108 265 l

135 399 167 449 ιο
225 387 295 453 Hae
318 409 378 474 ego
400 391 526 453 tesola
548 389 619 475 lege
641 391 761 455 redisse
776 390 888 488 uelim,
958 398 960 402 ’
1104 268 1122 474 i⁴

182 473 343 555 Armaque
367 495 438 538 oum
460 474 563 539 tulero
586 479 697 559 portae
718 475 824 540 votiva
840 474 1002 597 Capenae,
1108 454 1115 531 l

225 556 430 622 subscribam
452 559 552 623 salvo
575 564 667 645 grata
689 560 795 644 puella
816 569 904 624 viro?

558 757 640 830 ιι.
1113 600 1122 859 l

183 879 353 964 Tarpeium
375 903 487 946 nemus
510 885 543 947 et
565 881 718 966 Tarpeiae
744 887 780 946 tu
820 856 1062 980 erepulclrrum
1120 898 1122 925 ²

225 965 331 1030 Faber
353 969 386 1030 et
407 967 531 1049 antiqui
551 966 664 1030 limina
686 970 778 1051 capta
816 967 895 1032 ovis.

185 1048 290 1115 Lucus
313 1054 381 1114 erat
401 1050 480 1114 felix
500 1050 656 1115 hederoso
679 1052 826 1116 conditus
849 1055 957 1136 anuo,

226 1134 390 1218 Multaque
411 1135 528 1198 nativis
551 1135 709 1219 obstrepit
730 1138 824 1200 arbor
845 1137 951 1220 aquis,

160 1218 314 1284 oSilvani
336 1239 462 1283 ramosa
484 1219 596 1284 domus
604 1241 700 1303 ,quo
723 1221 823 1286 dulcis
846 1220 887 1284 ab
910 1225 1002 1287 aestu

226 1303 428 1368 Fistulat
368 1307 428 1401 pot
429 1326 500 1368 uras
522 1305 568 1368 ire
590 1271 719 1369 iirbebat
740 1327 825 1370 oves.

183 1387 281 1454 Hunc
302 1388 373 1452 Tat'
350 1392 414 1453 t1us
435 1390 508 1452 font
494 1392 559 1452 tem
580 1390 665 1453 vallo
687 1390 869 1475 praecingit
890 1411 1017 1474 acerno,

227 1472 369 1556 Fidaque
391 1477 544 1557 suggesta
566 1478 669 1537 castra
691 1478 824 1539 coronat
844 1473 952 1540 hume.

185 1557 298 1649 Quidt
298 1580 352 1621 um
374 1557 477 1621 Roma
498 1558 575 1641 fuit,
597 1559 727 1622 tubicen
749 1560 854 1623 vicina
876 1558 1002 1625 Curetis

137 1657 169 1705 ιο
226 1642 306 1708 Curn
349 1644 475 1706 uateret
494 1643 582 1706 lento
604 1665 764 1707 murmure
786 1665 863 1708 saxa
883 1642 979 1726 Iovia,

186 1729 294 1810 Atque
314 1664 370 1791 ubi
390 1748 477 1791 nunc
497 1728 591 1790 terris
613 1728 791 1792 dicuntur
781 1750 852 1792 rura
872 1694 1025 1812 subactis,

121 1835 123 1840 ·
228 1811 363 1876 Stabant
383 1810 527 1875 Romano
550 1812 616 1896 pila
638 1811 756 1877 Sabina
776 1813 872 1877 foro?

187 1897 296 1960 Murus
318 1898 411 1960 erant
430 1899 571 1961 montes:
604 1896 659 1961 ubi
679 1918 766 1961 nunc
788 1899 837 1961 est
857 1898 944 1962 curia
967 1900 1083 1982 saepta,

228 1981 367 2045 Bellicus
390 2003 428 2044 ex
449 1982 506 2046 illo
528 1983 619 2047 fonte
587 1982 772 2045 tbibebat
793 2003 901 2066 equus

139 2066 272 2130 15Hinc
293 2065 430 2149 Tarpeia
452 2067 529 2131 deae
550 2068 674 2130 fontem
696 2066 823 2130 libavit:
795 2069 880 2130 tat
900 2067 950 2130 illi

228 2151 373 2249 Vrgebat
393 2152 532 2215 medium
555 2152 610 2215 fiet
596 2151 662 2214 tilis
675 2172 756 2214 urna
777 2154 881 2235 caput.

187 2235 302 2301 Ett
252 2239 302 2300 sat
303 2236 330 2299 is
351 2258 416 2299 una
437 2237 539 2299 malae
561 2235 667 2318 potuit
688 2257 774 2300 mors
798 2257 866 2299 esse
887 2236 1027 2322 puellae,

230 2320 316 2395 Quae
338 2321 441 2383 voluit
461 2321 604 2382 flammas
625 2319 752 2403 fallere,
775 2320 885 2402 Vesta,
906 2321 1002 2386 tuas?

187 2404 279 2469 Vidit
299 2405 442 2468 arenosis
465 2404 535 2467 Tat'
511 2407 591 2467 trum
613 2404 780 2488 proludere
804 2426 873 2468 cam
897 2405 925 2469 is

139 2504 173 2555 20
229 2489 383 2572 Pictaque
404 2510 462 2571 per
482 2487 579 2552 flavas
602 2510 691 2552 arma
713 2489 820 2552 levare
842 2428 945 2554 iubas:

188 2574 362 2656 Obstupuit
382 2574 468 2657 regis
490 2574 571 2637 facie
593 2576 626 2638 et
646 2573 807 2657 regalibus
829 2574 935 2657 armis,

230 2658 380 2740 Interque
402 2658 483 2721 oblit
469 2661 518 2721 tas
541 2658 657 2723 excidit
678 2681 758 2721 urna
776 2680 898 2723 manus.

188 2743 248 2809 Sae
273 2765 289 2806 e
311 2742 397 2806 illa
387 2743 516 2806 mmerit
518 2765 553 2806 ae
575 2764 670 2809 causa
671 2746 736 2806 tast
757 2744 864 2807 omina
884 2743 990 2828 lunae,

230 2766 275 2892 Flt
296 2827 357 2891 sibi
378 2826 571 2911 tinguendas
594 2827 705 2892 dixit
660 2832 730 2891 tin
753 2850 845 2893 amne
868 2849 990 2894 comas:

140 2927 172 2976 25
189 2913 289 2995 Saepe
310 2912 386 2975 tulit
406 2911 532 2975 blandis
556 2916 709 2997 argentea
730 2912 798 2976 lilia
818 2911 991 2999 Nymphis,

230 2997 368 3061 Romula
387 3018 429 3060 ne
451 2997 566 3060 faciem
588 2998 725 3061 laederet
745 2996 838 3060 hasta
859 2998 947 3063 Tati.

188 3082 336 3163 Dumque
359 3082 445 3145 subit
466 3083 570 3165 primo
593 3080 686 3164 Capit
672 3082 751 3144 tolia
773 3083 883 3145 nubila
904 3083 1005 3168 furno,

230 3166 368 3231 Rettulit
387 3165 519 3230 hirsutis
540 3166 670 3230 brachia
692 3170 778 3230 secta
798 3167 902 3249 rubis,

189 3250 234 3315 Et
219 3253 312 3315 tsua
334 3251 471 3348 Tarpeia
489 3250 631 3314 residens
653 3251 699 3314 iat
718 3251 807 3314 flevit
828 3251 867 3314 ab
890 3273 963 3316 arca

141 3335 387 3418 50‚Volnera
410 3335 516 3399 vicino
539 3356 605 3398 non
628 3335 778 3432 patienda
798 3334 883 3400 Iovi:

141 3348 300 3504 ⁰0⁸Ignes
323 3385 499 3484 castrorum
522 3421 554 3482 t
575 3419 685 3484 Tatiae
707 3420 867 3502 praetoria
887 3423 1012 3488 turmae

232 3504 277 3568 Ει
297 3504 440 3568 formosa
461 3503 560 3568 oculis
583 3526 671 3567 arma
693 3503 811 3568 Sabina
831 3505 921 3590 meis,
