2392 3990
117 214 162 281 32
411 223 604 280 PROPERTII
625 225 732 279 LIBER
753 224 790 282 II.
985 217 1065 294 [VIII

225 383 297 450 Hoc
318 409 417 450 unum
440 386 552 451 didicit
572 388 691 451 femina
713 410 838 472 semper
860 409 951 472 opus,

118 543 122 552 ³
183 468 259 534 Non
281 471 327 534 sic
349 473 471 535 incerto
494 475 658 535 mutantur
679 473 807 536 flamine
830 472 953 556 SyrteS,

224 554 293 620 Nee
315 556 393 618 folia
414 555 548 619 hiberno
570 561 637 620 tam
658 558 844 620 tremefacta
865 557 970 640 Note,

132 650 166 700 35
181 638 285 715 Quam
308 641 371 704 cito
394 640 532 704 feminea
553 662 620 704 non
642 644 768 705 constat
789 641 901 705 foedus
923 642 958 705 in
980 642 1040 723 ira,

226 723 299 788 Sive
322 746 358 788 ea
380 746 474 788 causa
495 726 617 810 gravis,
640 726 706 788 sive
730 748 766 788 ea
788 747 883 789 eausa
905 727 993 790 devie.

182 806 292 891 Nune,
316 809 466 893 quoniam
480 811 543 873 ista
557 810 617 873 tibi
632 809 752 893 placuit
767 810 935 893 sententia,
958 810 1064 874 cedam

225 892 316 976 Tela,
339 915 466 977 precor,
488 895 595 978 pueri,
618 895 755 976 promite
777 897 869 957 acuta
890 896 1008 978 magis,

182 976 287 1041 Fioite
310 981 466 1041 certantes
488 981 582 1061 atque
604 977 688 1042 hanc
710 978 790 1041 mihi
813 978 926 1042 solvite
948 980 1059 1043 vitam:

131 1072 166 1124 40
220 1030 360 1141 §anguis
383 1064 441 1126 erit
463 1063 554 1126 vobis
576 1063 714 1126 maxima
735 1063 842 1146 palma
863 1085 963 1127 meuS.

465 1164 483 1201 3
713 1164 730 1201 ss

589 1211 607 1248 ek

183 1264 293 1329 Sidera
315 1268 390 1329 sunt
411 1268 510 1329 testes
533 1269 565 1329 et
586 1266 744 1329 matutina
765 1265 880 1350 pruina

223 1348 268 1412 Et
288 1349 399 1413 furtim
421 1350 536 1413 misero
559 1351 653 1413 ianua
676 1354 786 1433 aperta
808 1351 902 1415 mihi:

183 1433 228 1496 Te
249 1432 332 1496 nihil
354 1434 389 1497 in
410 1435 477 1496 vita
497 1434 591 1496 uobis
614 1436 773 1517 acceptius
795 1458 961 1518 umquam:

222 1515 317 1581 Nunc
340 1539 464 1600 quoque
487 1519 564 1600 eris,
588 1519 732 1601 quamvis
754 1520 798 1582 sis
820 1521 950 1584 inimica
971 1520 1062 1585 mihi.

129 1613 164 1661 «15
179 1601 248 1665 Nee
270 1602 398 1665 domina
420 1602 485 1665 ulla
506 1623 577 1666 meo
600 1607 699 1687 ponet
721 1604 856 1688 vestigia
877 1605 977 1670 lecto:

224 1684 317 1750 Solus
340 1707 408 1769 ere,
432 1688 583 1771 quoniam
604 1709 670 1751 nou
693 1688 768 1751 licet
790 1711 858 1752 esse
880 1693 981 1754 tuum.

180 1770 285 1852 Atque
306 1770 445 1853 utinam,
470 1771 497 1834 si
520 1772 602 1834 forte
624 1773 695 1855 pios
718 1773 882 1836 eduximus
905 1796 1026 1860 annoe,

223 1854 281 1918 llle
304 1856 352 1917 vir
374 1856 409 1918 in
429 1856 534 1919 medio
557 1857 614 1919 fiat
635 1878 743 1920 amore
766 1857 860 1940 lapis!

463 1958 480 1994 ss
710 1958 727 1994 ss

585 2005 604 2044 *

178 2056 255 2122 Non
276 2059 317 2123 ob
338 2081 439 2143 regna
459 2060 562 2144 magis
586 2060 661 2122 diris
685 2060 824 2123 cecidere
848 2060 906 2124 sub
929 2062 1029 2129 armis

129 2152 164 2205 60
220 2143 363 2207 Thebani
384 2144 489 2207 media
509 2166 577 2207 uon
599 2145 668 2206 sine
690 2150 790 2208 matre
813 2144 918 2208 duces.

179 2225 295 2309 Quam,
317 2228 397 2291 mihi
419 2229 446 2291 ei
468 2228 573 2291 media
594 2228 689 2291 liceat
709 2251 854 2312 pugnare
876 2230 1002 2315 puella,

222 2311 358 2376 Mortem
381 2333 442 2396 ege
463 2334 530 2375 nou
551 2312 674 2395 fugiam
696 2317 798 2377 morte
821 2314 927 2378 subire
949 2319 1015 2383 tua.
