2392 3990
40 112 123 182 Xll.]
438 115 547 168 LIBER
567 115 630 170 1111.
976 104 1016 166 79

40 271 140 339 Felix
163 274 240 338 Eois
262 275 314 339 lex
334 275 457 340 funeris
479 298 544 340 una
565 277 703 359 maritis,
985 285 1016 343 lb

94 358 180 434 Quos
203 362 328 424 Aurora
349 362 414 424 suis
435 362 533 425 rubra
555 362 677 425 colorat
698 360 797 444 equis.

40 440 196 528 Namque
217 445 273 508 ubi
294 445 461 509 mortifero
483 447 600 509 iactast
619 446 674 509 fax
695 445 809 509 ultima
829 445 930 529 lecto,

93 527 237 592 Virorum
257 530 338 593 fusis
361 533 426 593 stat
448 530 501 613 pia
522 529 617 594 turba
638 531 754 612 comio,

44 607 94 676 ut
115 617 278 678 certamen
298 613 421 677 habent
442 615 513 698 leti,
537 635 618 697 quae
639 614 712 678 1111
733 617 883 696 sequatur

94 697 302 783 Coniugium:
324 699 428 782 pudor
449 701 585 762 estnon
606 698 734 762 licuisse
756 698 845 761 mori.
983 711 1017 759 20

50 781 177 846 Ardent
197 784 343 847 victrices
366 787 399 847 et
419 783 564 846 flammae
585 786 714 867 pectora
734 782 903 865 praebent,

93 865 320 951 Inponuntque
343 868 408 931 suis
431 888 487 931 ora
508 872 637 950 perusta
658 867 742 930 viris

53 947 114 1015 Hic
136 972 238 1036 genus
259 951 393 1015 infidum
415 955 605 1035 nuptarum,
627 951 680 1015 hic
701 951 791 1015 nulla
811 951 918 1035 puella

94 1035 163 1101 Nec
184 1037 247 1099 fida
269 1036 424 1100 Euhadne
446 1058 506 1100 nec
526 1037 581 1121 pia
602 1035 771 1118 Penelope.

57 1117 142 1184 Felix
165 1125 328 1204 agrestum
350 1121 512 1203 quondam
532 1124 645 1204 pacata
666 1121 829 1205 iuventus,
983 1133 1018 1182 25

10 1204 12 1209 ’
95 1202 235 1268 Divitiae
254 1227 389 1288 quorum
411 1205 523 1268 messis
546 1211 578 1268 ct
599 1205 693 1268 arbor
714 1208 813 1270 erant.
920 1274 924 1279 ,

58 1287 122 1353 Illis
144 1312 260 1353 munus
283 1294 352 1354 erat
373 1290 505 1353 decussa
528 1288 672 1372 Cydonia
692 1311 781 1353 ramo

95 1373 139 1437 Et
161 1375 235 1438 dare
256 1375 399 1459 puniceis
420 1375 516 1457 plena
537 1375 677 1437 canistra
697 1374 800 1457 rubis,

58 1457 151 1523 Nunc
172 1460 273 1522 violas
294 1458 427 1522 tondere
449 1479 564 1541 manu,
586 1479 672 1522 nunc
693 1459 794 1522 mixta
814 1458 933 1524 referre

95 1543 178 1606 Lilia
199 1543 361 1628 virgineos
383 1543 489 1605 lucida
534 1564 568 1606 11
590 1542 748 1626 calathos,
985 1557 1020 1606 30

56 1625 99 1691 llt
119 1630 246 1711 portare
269 1628 333 1692 suis
356 1627 486 1690 vestitas
538 1627 675 1691 ondibus
696 1650 773 1691 uvas

96 1713 164 1776 Aut
185 1713 306 1776 variam
327 1711 455 1795 plumae
477 1711 677 1774 versicoloris
700 1735 799 1776 avem.

56 1795 115 1860 His
136 1799 206 1860 tum
227 1796 391 1859 blanditiis
413 1796 530 1859 furtiva
574 1817 608 1859 er
628 1799 720 1859 antra
740 1797 872 1880 puellae

98 1880 215 1945 Oscula
236 1881 388 1944 silvicolis
411 1884 519 1963 empta
540 1819 653 1944 didere
676 1881 761 1944 viris

54 1964 186 2029 Hinulei
208 1966 302 2048 pellis
325 1969 443 2028 stratos
465 1965 610 2047 operibat
631 1968 789 2048 amantes,
985 1980 1019 2030 8⁵

96 2050 236 2132 Altaque
257 2050 366 2113 nativo
389 2053 531 2113 creverat
551 2049 651 2113 herba
672 2052 759 2132 turc,

55 2134 155 2198 Pinus
178 2138 210 2198 et
230 2134 417 2198 incumbens
440 2135 542 2197 lentas
565 2134 782 2198 circumdabat
801 2134 948 2218 umbrae,

97 2218 167 2284 Nec
188 2220 294 2283 fuerat
313 2219 415 2282 nudas
436 2239 540 2302 poena
561 2219 668 2283 videre
689 2218 779 2302 deas,

54 2302 214 2387 Corniger
235 2307 330 2386 atque
352 2303 402 2366 dei
424 2325 555 2366 vacuam
577 2304 712 2386 pastoris
733 2304 769 2367 in
790 2303 895 2368 aulam

98 2386 172 2451 Dux
194 2389 275 2451 aries
298 2391 420 2450 11111111
441 2388 510 2469 ipse
531 2387 657 2450 reduxit
678 2410 769 2471 oves,
985 2401 1020 2449 4ο

53 2471 161 2554 Dique
183 2472 322 2555 deaeque
344 2492 469 2552 omnes,
499 2472 613 2554 quibus
640 2477 689 2536 est
709 2473 809 2536 tutela
830 2494 888 2556 per
909 2494 1019 2558 agros,

99 2556 300 2620 Praebebunt
321 2556 435 2619 vestris
457 2555 554 2619 verba
575 2556 717 2641 benigna
737 2557 834 2621 focis:

55 2639 120 2704 ‘Et
140 2641 298 2724 leporem,
320 2642 508 2722 quicumque
531 2641 634 2720 venis,
658 2642 838 2724 venaberiS,
866 2641 997 2725 hospes,

98 2725 191 2789 Etsi
213 2726 296 2788 forte
318 2746 390 2788 meo
412 2726 541 2787 tramite
564 2727 688 2807 quaeris
711 2747 815 2789 avem:

54 2810 100 2874 Et
121 2831 172 2874 me
194 2809 284 2873 Pana
304 2809 364 2872 tibi
386 2809 536 2872 comitem
558 2808 597 2872 de
618 2831 696 2891 rupe
717 2814 847 2893 vocato,
986 2821 1020 2872 st

99 2892 172 2959 Sive
194 2899 283 2977 petes
307 2895 427 2957 calamo
449 2895 604 2976 praemia,
627 2894 693 2956 sive
715 2903 815 2958 cane!

54 2980 102 3042 At
123 3000 209 3042 nunc
231 2979 363 3042 desertis
386 2981 511 3041 cessant
532 2978 670 3041 sacraria
692 2977 788 3042 lucis:

99 3064 223 3127 Aurum
245 3083 356 3126 omnes
377 3063 463 3126 victa
483 3063 548 3125 iam
570 3062 689 3146 pietate
712 3063 831 3128 colunt.

56 3151 145 3211 Auro
168 3148 260 3230 pulsa
281 3147 374 3230 fides,
396 3167 473 3209 auro
495 3147 619 3210 venalia
640 3147 723 3227 iura,

100 3233 223 3296 Aurum
244 3232 295 3295 lex
318 3232 473 3314 sequitur,
496 3252 570 3294 mor
593 3232 661 3294 sine
683 3231 754 3314 lege
775 3230 886 3313 pudor.
987 3243 1020 3294 ω

57 3315 191 3380 'lorrida
213 3316 402 3399 sacrilegum
423 3318 582 3379 testantur
604 3315 714 3379 limina
735 3315 914 3398 Brennum,

100 3398 186 3464 Dum
207 3402 289 3484 petit
309 3400 431 3464 intonsi
453 3398 569 3482 Pythia
590 3421 690 3483 regna
713 3399 779 3464 dei:
