2392 3990
117 219 212 292 vnn]
518 226 628 282 unua
648 199 670 282 i.
1056 218 1077 283 9

116 380 207 448 Falsa
229 385 304 451 licet
325 361 459 472 cupidus
481 389 621 473 deponat
640 389 757 474 gaudia
778 388 874 455 livor:

153 469 288 535 Destino
309 472 356 536 ire
377 495 475 537 novas
498 473 639 557 Cynthia
658 476 771 538 nostra
791 474 871 538 vias.
1043 484 1077 534 ³0

103 551 164 627 ¹Illi
187 575 278 620 carus
300 577 361 642 ego
384 560 417 620 et
438 579 495 641 per
515 579 567 621 me
590 558 754 622 carissima
774 557 878 622 Roma

153 637 290 723 Dicitur,
313 645 347 705 et
367 643 436 706 sine
457 664 509 706 me
531 642 636 706 dulcia
655 663 756 726 regna
776 644 884 727 negare

115 721 172 787 Illa
193 725 245 789 vel
266 730 403 810 angusto
426 748 551 791 mecum
572 727 769 810 requiescere
791 727 874 791 lecto

153 808 418 893 utquomque
440 811 536 875 modo
559 812 672 875 maluit
694 831 763 875 esse
784 832 864 893 mea,

116 891 215 968 Quam
237 894 299 958 sibi
321 895 447 959 dotatae
468 917 604 980 regnum
624 900 716 959 vetus
740 894 980 978 Hippodamiae,
1042 907 1075 956 35

152 977 199 1041 Ec
219 1000 299 1063 quas
319 979 389 1043 Elis
412 1001 488 1062 opes
510 985 584 1044 ante
605 982 734 1064 parerer
754 980 853 1063 equis.

116 1060 265 1137 Quamvis
286 1085 405 1148 magna
425 1065 525 1148 daret,
547 1064 692 1148 quamvis
713 1063 836 1128 maiora
859 1063 997 1145 daturus,

68 1212 70 1217 ,
153 1147 231 1211 Non
251 1151 360 1211 tamen
380 1148 437 1211 illa
456 1170 545 1213 meos
568 1149 603 1212 fu
627 1149 654 1211 ἰὴ
675 1170 769 1212 avara
789 1149 887 1212 sinus.

68 1220 70 1243 '
115 1229 206 1295 Hanc
228 1253 288 1316 ego
310 1253 377 1295 non
399 1254 486 1313 aure,
507 1255 575 1297 non
595 1171 684 1296 Igndis
706 1232 834 1296 flectere
856 1230 998 1314 conchis,

68 1396 70 1403 Ι
154 1315 217 1381 Sed
238 1317 329 1400 potui
351 1317 461 1380 blandi
483 1318 632 1381 carminis
655 1318 817 1399 obsequio.
1042 1329 1076 1376 40

115 1397 195 1464 Sunt
216 1401 316 1485 igitur
337 1401 458 1485 Musae,
481 1423 584 1485 neque
607 1401 728 1465 amanti
749 1401 857 1464 tardus
879 1400 1009 1484 Apollo,

68 1508 70 1515 ·
154 1485 232 1560 Quis
256 1506 316 1570 ego
338 1486 438 1549 fretus
460 1507 549 1551 amo:
574 1485 712 1568 Cynthia
733 1507 804 1548 rara
825 1488 937 1549 meast.

114 1567 207 1634 Nunc
228 1570 309 1633 mihi
331 1592 455 1633 summa
476 1571 552 1635 licet
573 1572 760 1653 contingere
782 1569 887 1633 sidera
906 1568 1042 1654 plantis:

155 1653 228 1718 Sive
252 1655 320 1718 dies
343 1676 400 1718 seu
420 1653 486 1720 no‘x
506 1657 639 1739 venerit,
661 1656 718 1718 illa
739 1659 851 1738 meast,

113 1735 181 1802 Neo
202 1738 282 1802 mihi
304 1738 412 1802 rivalis
435 1742 538 1803 certos
561 1740 709 1803 subducit
730 1760 864 1805 amores.
1040 1749 1075 1797 45

153 1821 222 1886 Ista
242 1845 347 1887 meam
368 1824 455 1888 norit
476 1824 582 1906 gloria
603 1825 763 1888 canitiem.

524 1943 669 1953 ——-—-

533 2037 647 2111 VIIII.

114 2159 266 2226 Dicebam
287 2161 348 2226 tibi
369 2165 531 2243 veniuros⁷
552 2161 678 2241 inrisor‚
701 2179 825 2223 amores

153 2245 305 2310 Necubi
326 2249 481 2329 perpetuo
505 2245 605 2309 libera
627 2245 724 2308 verba
745 2243 829 2308 fore:

113 2329 196 2395 Ecce
218 2331 302 2394 iaces
324 2330 520 2414 supplexque
541 2329 631 2393 venis
653 2329 694 2392 ad
715 2329 784 2392 iura
804 2327 941 2411 puellae,

153 2413 197 2478 Et
217 2414 278 2478 tibi
298 2435 386 2478 nuno
408 2414 519 2498 quovis
541 2415 677 2496 imperat
699 2415 807 2496 empta
827 2411 932 2476 mode.

114 2497 188 2563 Non
208 2520 260 2562 me
283 2497 446 2564 Chaoniae
467 2499 598 2562 vincant
619 2499 654 2561 in
676 2519 782 2561 amore
805 2497 970 2561 columbae
1057 2507 1076 2558 o

153 2582 280 2666 Dicere,
304 2604 383 2667 quos
405 2583 535 2646 iuvenes
559 2603 700 2665 quaeque
722 2581 830 2666 puella
852 2581 967 2645 domet.

114 2665 165 2732 Me
188 2668 280 2732 dolor
302 2671 334 2731 et
356 2667 504 2731 lacrimae
525 2667 639 2730 merito
663 2666 766 2731 fecere
788 2665 941 2749 peritum:

153 2753 262 2836 Aeque
285 2752 408 2815 utinam
429 2752 536 2834 posito
559 2750 647 2814 dicar
669 2772 777 2814 amore
798 2750 901 2813 rudis!

116 2834 196 2911 Quid
217 2836 277 2900 tibi
292 2858 377 2899 nunc
393 2837 508 2899 misero
523 2835 655 2918 prodesd
667 2857 765 2920 grave
781 2835 884 2897 dicere
899 2854 1028 2896 carmen

153 2923 222 2984 nur
242 2920 457 3003 Amphioniae
478 2919 605 2984 moenia
625 2919 701 2983 flere
726 2917 837 3002 lyrae?
1043 2930 1076 2978 ιο

117 3003 189 3069 Plus
211 3005 246 3068 in
269 3026 375 3068 amore
397 3005 484 3068 valet
504 3003 687 3067 Mimnermi
709 3024 819 3067 versus
840 3001 997 3066 Homero:

156 3089 307 3156 Carmina
328 3091 512 3152 mansuetus
534 3088 619 3152 lenia
641 3088 765 3171 quaeris
785 3088 896 3151 Amor.

115 3173 130 3237 Ι
172 3194 267 3238 uaeso
291 3175 322 3237 et
343 3173 452 3236 distes
473 3173 553 3236 istos
577 3193 722 3256 conpone
744 3171 880 3254 libellos

184 3261 298 3322 teano
321 3257 406 3340 quod
429 3258 557 3340 quaevis
578 3279 672 3320 nosse
695 3256 801 3340 puella
822 3256 909 3319 velit.

116 3341 198 3418 Quid
220 3343 248 3407 si
268 3364 336 3406 non
358 3345 442 3405 esset
463 3341 568 3405 facilis
590 3343 650 3405 tibi
672 3341 786 3424 copia?
808 3360 894 3404 nuno
916 3344 952 3403 tu
1043 3349 1076 3401 15

155 3427 292 3492 insanus
315 3426 420 3489 medio
442 3425 572 3490 flumine
595 3426 719 3509 quaeris
744 3447 867 3508 aquam.

113 3509 260 3578 Necdum
283 3511 378 3574 etium
399 3510 512 3594 pallea,
534 3532 608 3574 vero
630 3532 690 3574 neo
712 3510 854 3594 tangeris
875 3508 959 3594 igni:
